2050 3470
291 252 354 285 184
979 244 1114 279 ANNO
1141 244 1225 280 1308

292 362 470 406 praelatis
503 361 574 393 iter
601 367 729 392 versus
757 357 971 398 Trajectum
999 355 1232 397 arripuisset,
1262 354 1362 387 dicta
1387 353 1536 388 Martha
1561 353 1828 396 superveniens
1853 353 1908 387 eis

293 416 548 452 efficacissime
566 414 708 446 studuit
734 412 973 454 persuadere,
999 410 1096 451 quod
1114 410 1412 451 praememorato
1437 409 1671 451 presbytero,
1697 408 1908 452 legislatori

293 483 371 510 suo,
397 471 516 513 magis
540 470 577 501 in
595 468 664 501 hac
687 469 792 509 parte
817 475 927 507 quam
959 465 1254 506 quibuscumque
1279 463 1363 496 aliis
1388 464 1570 497 deberent
1594 464 1762 496 credere.
1790 463 1838 497 Et
1855 463 1909 496 sic

291 526 554 561 concluserunt
580 523 770 565 praedicto
800 530 883 553 cum
913 520 1140 561 juramento,
1169 519 1401 551 mendaciter
1432 518 1535 559 licet,
1568 517 1780 560 occultare;
1810 517 1909 560 quod

293 584 392 616 idem
420 580 593 612 sacerdos
624 578 753 619 postea
784 576 937 609 veniens
962 574 1170 617 approbare
1195 573 1402 613 videbatur,
1437 573 1524 614 quia
1542 573 1648 613 dixit,
1674 573 1705 605 si
1720 572 1910 612 fecissent,

293 636 391 679 quod
408 635 540 667 leviter
568 632 745 665 voluisset
768 631 822 663 eis
839 638 989 662 manum
1014 637 1126 670 super
1142 629 1253 669 caput
1275 636 1427 669 ponere.
1446 628 1530 660 Non
1558 628 1684 660 tamen
1708 627 1748 660 in
1765 627 1910 660 tantum

293 691 467 735 poterant
495 688 665 726 suadere,
691 686 780 727 quin
796 685 951 726 propter
975 683 1187 725 huJusmodi
1212 683 1501 715 occultationem
1518 682 1755 725 contingeret
1767 681 1910 724 aliquas

293 746 398 780 exire
415 745 452 777 et
469 744 605 775 statum
622 740 835 783 hujusmodi
852 740 890 771 in
908 739 1043 772 effectu
1061 738 1235 770 deserere
1249 746 1292 770 ac
1309 737 1480 770 horrere.

337 800 476 833 Errant
504 799 629 830 autem
657 796 695 828 in
720 795 803 834 hoc,
829 794 927 835 quod
960 793 1140 834 nitentur,
1166 793 1304 825 statum
1328 801 1436 824 suum
1467 791 1702 833 praedictum
1734 791 1912 824 constitu-

295 854 458 888 tionibus
482 853 520 885 et
535 843 850 893 prohibitionibus
864 847 1057 886 ecclesiae,
1088 848 1130 879 ut
1146 847 1306 886 videtur,
1326 847 1526 879 manifeste
1543 846 1790 886 contrarium,
1803 845 1914 879 nimis

295 908 540 953 pertinaciter
557 915 623 948 pro
642 905 744 937 licito
759 904 975 944 defendere,
989 904 1123 935 etcum
1141 902 1312 934 omnibus
1330 901 1523 934 ordinibus
1541 900 1734 941 ecclesiae,
1752 900 1914 934 maxime

296 963 557 1001 foeminarum,
593 959 814 1001 simpliciter
851 958 1056 999 praeferre.
1091 956 1240 989 Habent
1281 956 1381 989 enim
1420 956 1599 997 quasdam
1629 955 1914 989 informationes

297 1028 364 1062 pro
389 1017 606 1051 defensione
637 1015 754 1047 status
793 1013 850 1046 sui
881 1013 1012 1045 contra
1047 1012 1301 1052 inquisitores,
1323 1020 1416 1052 quas
1445 1019 1532 1044 reor
1569 1019 1651 1044 esse
1680 1010 1914 1052 supradictas

299 1075 494 1107 doctorum
525 1069 802 1103 Coloniensium
827 1067 1170 1106 determinationes,
1201 1066 1291 1099 satis
1315 1067 1440 1099 tamen
1465 1065 1753 1107 impertinenter
1775 1074 1843 1107 pro
1861 1065 1916 1098 eis

298 1130 416 1162 factas
440 1128 477 1160 et
500 1134 568 1168 per
594 1125 826 1166 praetactum
864 1122 1140 1163 presbyterum,
1171 1121 1338 1163 ipsarum
1367 1120 1676 1163 gubernatorem,
1707 1120 1747 1152 in
1770 1118 1919 1162 vulgari

300 1183 398 1217 malo
437 1182 603 1215 utentem
642 1178 798 1211 consilio
846 1186 930 1209 cum
971 1176 1259 1209 auctoritatibus
1299 1176 1337 1209 et
1374 1175 1665 1217 allegationibus
1703 1174 1917 1208 translataS.

303 1238 443 1277 Quibus
474 1237 548 1269 tam
584 1233 828 1277 pertinaciter
859 1231 1069 1270 inhaerent,
1110 1232 1208 1272 quod
1255 1239 1403 1263 omnem
1442 1230 1653 1271 oppositum
1696 1229 1920 1262 sentientem

302 1292 478 1334 reputant
502 1299 575 1322 non
603 1290 648 1322 de
671 1288 820 1321 civitate
843 1286 1068 1326 Jerusalem,
1097 1286 1161 1318 sed
1187 1286 1232 1318 de
1260 1284 1453 1327 Babylone
1481 1284 1744 1324 errabundum,
1770 1292 1814 1316 eo
1838 1283 1919 1325 ipso

303 1348 401 1390 quod
425 1354 498 1378 non
514 1345 661 1377 videtur
682 1344 833 1382 statum,
857 1350 967 1383 quem
996 1341 1061 1381 sie,
1079 1341 1120 1373 ut
1138 1340 1277 1372 dictum
1296 1341 1364 1380 est,
1391 1340 1475 1372 aliis
1499 1339 1731 1381 praeferunt,
1754 1338 1922 1380 ipsarum

304 1404 349 1436 ad
366 1402 522 1435 lubitum
539 1407 772 1441 promovere.
803 1397 887 1430 Non
905 1396 1004 1429 enim
1022 1395 1151 1428 volunt
1167 1394 1339 1437 regulam
1364 1394 1608 1436 approbatam
1632 1401 1835 1433 assumere,
1852 1401 1922 1425 nec

304 1456 573 1500 permittuntur
603 1454 649 1487 ab
676 1453 842 1495 ipsarum
869 1452 1075 1484 memorato
1119 1450 1386 1492 gubernatore,
1422 1449 1568 1482 dicente
1600 1456 1640 1481 se
1670 1447 1767 1481 velle
1797 1447 1922 1490 potius

305 1511 492 1546 stabulum
509 1509 693 1552 pecudum
710 1507 897 1540 custodire
914 1515 1024 1547 quam
1041 1514 1116 1545 eas,
1128 1505 1159 1537 si
1176 1505 1325 1537 omnino
1343 1504 1483 1537 vellent
1499 1503 1662 1545 aliquam
1678 1502 1922 1545 approbatam

305 1566 477 1610 regulam
501 1564 685 1606 accipere.
712 1562 816 1601 Quod
834 1570 907 1594 non
925 1560 1045 1593 solum
1061 1560 1234 1593 videntur
1249 1559 1289 1592 in
1313 1568 1352 1592 se
1369 1559 1460 1601 ipsis
1478 1560 1625 1600 fugere,
1643 1558 1708 1591 sed
1739 1557 1853 1591 etiam
1883 1557 1922 1589 in

307 1622 392 1656 aliis
408 1619 605 1662 impedire.
634 1618 725 1650 Cum
742 1618 841 1650 enim
866 1616 1065 1649 novissime
1088 1616 1175 1648 ante
1199 1614 1422 1648 decennium
1446 1614 1486 1646 in
1518 1613 1668 1646 civitate
1689 1611 1924 1654 Trajectensi

307 1677 432 1711 essent
458 1675 541 1717 plus
573 1682 684 1715 quam
713 1672 823 1705 XXX
855 1670 1039 1704 notabiles
1067 1669 1230 1711 puellae,
1263 1678 1310 1702 ex
1342 1668 1497 1710 speciali
1524 1667 1722 1701 devotione
1744 1667 1925 1700 mundum

307 1731 475 1765 volentes
505 1730 758 1767 contemnere,
790 1726 983 1768 amplexus
1005 1725 1198 1758 maritales
1230 1732 1409 1766 spernere
1441 1724 1553 1764 atque
1584 1722 1711 1755 omnia
1737 1722 1835 1754 bona
1858 1730 1925 1754 sua

309 1785 464 1820 mobilia
494 1786 606 1825 atque
628 1782 848 1820 immobilia,
880 1780 1093 1822 praesentia
1124 1781 1162 1812 et
1188 1780 1326 1818 futura,
1351 1788 1419 1820 pro
1447 1777 1668 1811 fundatione
1698 1776 1808 1810 unius
1838 1775 1926 1809 novi

309 1840 528 1875 monasterii
546 1838 795 1878 contribuere,
822 1837 862 1869 in
879 1836 977 1877 quod
994 1836 1061 1868 sub
1086 1835 1189 1868 certa
1211 1833 1345 1877 regula
1369 1834 1409 1867 et
1424 1833 1606 1875 perpetua
1633 1831 1805 1865 clausura
1821 1840 1864 1864 ac
1886 1831 1926 1863 in

311 1895 498 1929 communi
514 1894 594 1926 sine
620 1891 839 1934 particulari
870 1890 1102 1933 proprietate
1120 1889 1246 1930 aliqua
1268 1889 1421 1930 possent
1438 1887 1608 1921 Creatori
1631 1896 1697 1920 suo
1714 1887 1874 1927 servire3
1889 1886 1928 1919 et

311 1949 590 1991 circumspectis
615 1948 786 1980 omnibus
810 1956 857 1980 ex
896 1946 1009 1979 certis
1037 1944 1327 1978 circumstantiis
1351 1952 1426 1976 non
1442 1942 1643 1984 appareret
1664 1942 1704 1974 in
1733 1941 1928 1984 praedicta
1956 1963 1959 1966 -

312 2006 462 2039 civitate
475 2004 578 2036 locus
591 2003 713 2044 aptior
726 2011 836 2043 quam
848 2000 926 2043 ille,
936 2009 1046 2042 quem
1058 1999 1271 2042 praedictus
1285 1998 1483 2040 presbyter
1496 2006 1579 2030 cum
1591 1997 1763 2038 praefata
1778 1994 1928 2029 Martha

313 2062 352 2095 et
367 2060 443 2093 suis
456 2059 602 2092 noviter
618 2056 829 2090 inhabitare
847 2056 1022 2098 coeperat
1034 2055 1072 2088 et
1088 2054 1318 2093 construere,
1339 2054 1437 2085 dicto
1455 2053 1580 2085 tamen
1596 2051 1678 2084 loco
1695 2051 1775 2084 sine
1792 2050 1927 2083 damno

311 2115 478 2158 ipsarum
496 2123 564 2155 pro
589 2114 664 2147 tam
691 2121 827 2154 magno
852 2111 948 2143 bono
973 2109 1019 2142 ad
1046 2108 1207 2152 gloriam
1231 2109 1301 2141 Dei
1324 2107 1576 2150 promovendo
1601 2106 1752 2139 omnino
1777 2104 1929 2138 nolebat

314 2171 462 2210 cedere,
480 2167 647 2209 quamvis
664 2176 686 2200 a
702 2166 861 2199 dominis
880 2166 918 2199 et
934 2165 1109 2207 gravibus
1126 2164 1215 2196 viris
1231 2163 1474 2197 exhiberetur
1491 2162 1546 2195 eis
1563 2161 1702 2194 iterum
1719 2161 1757 2194 et
1772 2159 1928 2202 pluries,

315 2225 428 2267 quod,
441 2224 641 2264 antequam
654 2222 740 2255 inde
757 2221 914 2260 exirent,
944 2219 1083 2252 vellent
1096 2219 1150 2251 eis
1167 2219 1205 2251 in
1222 2218 1372 2251 civitate
1387 2218 1427 2250 in
1443 2216 1516 2250 alio
1534 2216 1616 2249 loco
1628 2215 1720 2258 ipsis
1737 2223 1854 2256 aeque
1870 2213 1929 2247 vel

314 2279 435 2322 magis
468 2286 634 2321 congruo
673 2276 748 2309 alia
784 2275 955 2308 aedificia
991 2274 1045 2307 ita
1075 2273 1133 2307 vel
1171 2273 1292 2316 magis
1332 2273 1440 2312 bona,
1479 2280 1591 2314 quam
1626 2271 1704 2313 jam
1733 2269 1928 2308 haberent,

315 2334 516 2368 aedificare
547 2341 612 2365 seu
630 2331 860 2364 construere.
878 2329 1093 2362 Maluerunt
1109 2328 1209 2361 enim
1227 2328 1359 2367 Deum,
1374 2328 1417 2360 ut
1428 2327 1588 2365 videtur,
1602 2325 1706 2358 tanto
1728 2323 1929 2367 praeconio

316 2390 428 2431 atque
444 2389 561 2421 totam
577 2386 806 2429 provinciam
819 2385 945 2419 tantae
961 2384 1109 2416 virtutis
1127 2382 1298 2424 exemplo
1312 2382 1475 2424 privare,
1486 2390 1598 2423 quam
1610 2379 1682 2413 hoc
1696 2378 1931 2422 permittere,

316 2444 359 2477 ut
384 2443 589 2477 sanctiores
604 2441 695 2483 ipsis
707 2440 847 2473 ibidem
873 2439 1083 2481 inciperent
1109 2445 1303 2480 apparere.
1322 2437 1441 2470 Prout
1465 2435 1695 2469 haecomnia
1718 2433 1932 2476 supradicta

317 2507 443 2532 coram
467 2497 613 2531 notario
645 2497 682 2529 et
704 2496 860 2529 testibus
889 2494 975 2527 sunt
1001 2493 1215 2535 inquisitori
1246 2492 1452 2534 praedicto,
1485 2490 1674 2524 mediante
1704 2489 1929 2532 juramento,

317 2553 442 2587 delata
458 2553 503 2586 ab
527 2552 616 2593 illis,
634 2559 729 2593 quae
756 2550 814 2582 his
846 2549 1016 2582 omnibus
1047 2547 1264 2590 praesentes
1294 2546 1545 2580 interfuerant
1576 2546 1614 2578 et
1640 2544 1810 2577 consciae
1837 2543 1929 2576 exti-

317 2608 454 2642 terant.
487 2607 534 2640 Et
551 2606 675 2639 omnia
705 2606 742 2638 et
765 2604 874 2646 plura
890 2604 965 2637 alia
980 2603 1140 2636 inveniri
1170 2602 1347 2644 poterunt
1363 2602 1408 2634 ab
1433 2600 1577 2641 eismet,
1595 2609 1691 2641 quae
1714 2599 1753 2632 in
1776 2606 1931 2641 congre-

317 2662 531 2707 gationibus
558 2661 735 2699 existunt,
760 2660 791 2692 si
805 2668 916 2701 super
933 2658 991 2691 his
1009 2658 1134 2691 debite
1154 2657 1406 2698 inquirantur.

666 2727 768 2760 Naar
781 2734 850 2759 een
863 2726 935 2757 oud
952 2723 1186 2757 handschrift
1200 2722 1402 2765 afgedrukt
1414 2722 1462 2763 bij
1478 2722 1537 2755 Jo.
1556 2721 1778 2754 Laurentius
1794 2729 1816 2753 a
1832 2719 1932 2752 Mos-

708 2781 822 2821 heim,
839 2781 889 2813 De
905 2777 1113 2823 Beyhardis
1128 2783 1162 2811 et
1174 2776 1424 2821 Beguz‘nabus,
1443 2776 1531 2818 Cap.
1545 2775 1616 2815 ΙΙΙ,
1634 2775 1704 2808 blz.
1722 2774 1932 2808 443-450.—

706 2835 786 2868 Van
803 2835 858 2867 dit
880 2844 964 2867 zeer
992 2833 1204 2876 belangrijk
1227 2832 1326 2872 stuk,
1359 2830 1636 2872 verkeerdelijk
1663 2839 1709 2872 op
1736 2828 1932 2863 1393-1394

707 2888 1013 2932 teruggebracht,
1031 2890 1096 2931 gaf
1121 2888 1161 2920 ik
1188 2887 1326 2920 slechts
1353 2895 1424 2920 een
1451 2885 1556 2919 klein
1578 2883 1777 2918 uittreksel
1800 2884 1840 2917 in
1866 2882 1932 2916 het

707 2945 829 2979 eerste
844 2943 927 2979 decl
939 2953 1009 2978 van
1026 2942 1092 2977 het
1106 2941 1256 2988 Corpus,
1273 2942 1343 2975 blz.
1355 2939 1510 2975 351-352.
1529 2940 1605 2976 Het
1619 2939 1740 2975 wordt
1755 2938 1839 2975 hier
1856 2936 1931 2974 vole
