2050 3470
221 294 264 326 92
806 289 942 322 ANNO
970 288 1066 327 1329,
1094 288 1178 321 1336

268 400 482 442 Lcsquelles
500 399 644 432 clauses
662 399 697 432 le
714 400 849 432 devant
865 399 920 430 dit
943 398 1170 439 inquisiteur
1185 407 1207 431 a
1223 398 1370 440 supplie
1393 399 1431 433 et
1446 400 1572 441 requis
1590 399 1848 433 humblement

221 466 288 499 par
305 466 397 489 nous
411 456 510 488 estre
529 453 788 487 renouvellees
805 455 843 486 et
859 454 1093 486 conflrmeeS.

264 512 311 544 Et
328 520 433 551 nous,
456 509 611 542 voulans
628 511 666 542 et
694 509 901 542 entendans
919 507 955 540 la
972 508 1152 550 besoigne
1175 509 1220 541 de
1237 508 1358 541 sainte
1377 509 1439 552 foy
1456 508 1671 550 catholique
1686 510 1724 542 et
1741 509 1848 542 dudit

221 565 328 596 office
345 564 390 596 de
404 562 655 603 l'Inquisition
673 563 718 595 de
732 564 814 595 tout
832 563 957 594 nostre
975 562 1133 603 pouvoir
1148 563 1363 604 promovoir
1379 563 1416 595 et
1432 563 1602 596 adreoier
1617 563 1655 596 et
1670 564 1846 605 parfaite-

220 621 333 659 ment,
354 619 448 651 Dieu
466 617 604 655 afflant,
624 618 798 650 ensuivre
816 617 869 650 les
887 617 1028 649 bonues
1045 617 1147 649 voies
1160 618 1198 648 et
1220 616 1274 649 les
1292 617 1384 649 bons
1400 618 1487 650 faits
1504 617 1550 650 de
1567 618 1709 650 nosdits
1722 627 1847 651 encos-

218 682 323 706 seurs
341 676 375 706 et
395 672 663 714 especialment
679 671 724 704 de
738 672 859 704 sainte
872 671 1054 704 memoire
1071 672 1198 704 nostre
1214 671 1392 713 seigneur
1408 671 1514 705 Saint
1529 671 1647 715 Loys3
1665 672 1846 706 mandons

219 731 256 761 et
283 728 548 760 commandons
573 727 595 759 ἐι
622 728 705 759 tous
729 727 832 767 dues,
862 727 1016 765 comtes,
1047 727 1196 764 bamus,
1226 726 1342 758 tuiers
1360 725 1418 767 (1),
1437 726 1664 768 seneschals,
1691 726 1845 769 bailliis,

218 793 364 826 prevoz‚
382 783 562 825 viguiers,
597 781 734 820 baillis,
765 781 1008 815 chastellains
1039 782 1076 814 et
1105 782 1126 815 {i
1154 782 1237 814 tous
1266 783 1393 814 autres
1422 782 1611 823 justiciers
1643 782 1689 816 de
1719 772 1847 816 nostre

217 847 408 882 roy-annm,
428 837 570 879 quoles
595 837 730 870 devant
760 837 856 869 dites
885 836 1043 876 clauses,
1070 836 1125 869 les
1151 835 1296 878 quelles
1325 846 1418 869 nous
1446 837 1492 870 de
1517 838 1683 871 certaine
1700 838 1846 871 science

217 893 479 934 reneuvelons,
497 893 596 925 estre
613 892 784 934 gardees‚
812 893 943 925 tenues
961 893 998 924 et
1014 891 1239 933 aec-omplies
1257 900 1325 933 par
1347 892 1430 924 tous
1449 891 1551 925 leurs
1576 892 1728 935 subgiez
1745 892 1782 925 et
1799 900 1846 925 en

217 949 271 982 los
299 949 430 982 choses
458 948 661 980 eontenues
689 956 728 980 es
756 948 886 980 dessus
914 947 1096 989 esoriptes
1125 946 1271 980 clauses
1299 946 1566 988 especialment
1594 948 1632 980 et
1654 955 1701 980 en
1723 947 1846 980 toutes

216 1006 342 1038 autres
371 1003 501 1036 choses
528 1001 800 1044 generalment‚
820 1002 884 1043 qui
902 1002 1193 1044 appartiennent
1209 1002 1231 1034 a
1256 1001 1294 1034 la
1310 1002 1372 1044 foy
1398 1003 1436 1035 et
1453 1002 1559 1034 audit
1575 1002 1683 1035 office
1699 1001 1745 1034 de
1761 1001 1846 1035 l'In-

216 1060 407 1101 quisition,
427 1058 617 1090 obeissent
633 1058 671 1090 et
693 1058 837 1090 fassent
863 1057 970 1090 obeir
997 1056 1099 1090 leurs
1128 1057 1280 1098 subgiez
1310 1056 1414 1089 audit
1442 1057 1668 1098 inquisiteur
1683 1057 1721 1090 et
1737 1056 1760 1089 ὲ.
1786 1065 1845 1090 ses

215 1121 451 1146 successeurs
469 1113 506 1145 et
522 1112 543 1144 ἐι
560 1113 643 1144 tous
671 1113 798 1144 autres
825 1120 872 1144 en
901 1112 1028 1144 nostre
1050 1120 1230 1154 royaume
1259 1120 1328 1152 par
1352 1110 1500 1153 l’eglise
1516 1111 1563 1144 de
1585 1112 1706 1145 Rome
1723 1120 1788 1144 sur
1803 1120 1846 1144 ce

214 1168 383 1209 deputes,
402 1167 507 1200 selon
524 1166 560 1199 le
577 1167 677 1199 droit
693 1166 904 1207 eanonique
921 1167 959 1199 et
976 1165 1063 1198 civil
1081 1167 1119 1198 et
1136 1165 1172 1198 16
1196 1166 1336 1198 estatut
1353 1166 1399 1199 de
1416 1167 1543 1199 nostre
1560 1165 1651 1199 oher
1666 1166 1847 1208 seigneur

215 1223 320 1255 Saint
338 1223 445 1265 Lova,
464 1221 528 1263 qui
546 1230 585 1254 se
603 1230 818 1254 commanee
836 1221 1031 1264 Cupientes
1047 1231 1055 1261 ς
1074 1221 1112 1254 et
1131 1220 1215 1254 leur
1232 1221 1419 1254 senefions
1435 1229 1504 1263 par
1520 1220 1557 1254 la
1573 1221 1706 1254 teneur
1722 1221 1768 1253 de
1784 1230 1846 1254 ees

214 1278 344 1310 lettres
374 1286 446 1318 que
477 1286 571 1309 nous
602 1285 649 1310 ne
673 1276 802 1309 volons
835 1285 881 1309 ne
905 1276 1113 1309 entendons
1139 1276 1246 1308 venir
1271 1284 1317 1308 ne
1333 1276 1431 1308 faire
1448 1284 1494 1309 ne
1522 1276 1675 1308 souffrir
1690 1285 1762 1317 que
1779 1284 1848 1318 par

213 1333 320 1365 autre
337 1332 409 1364 soit
426 1332 495 1364 fait
512 1332 691 1364 encontre
708 1330 762 1364 les
779 1332 908 1364 dessus
922 1330 1018 1363 dites
1031 1330 1069 1363 et
1082 1330 1263 1372 eseriptes
1280 1329 1438 1370 clauses,
1452 1339 1521 1372 par
1533 1339 1697 1363 auounes
1715 1329 1846 1362 lettres

212 1386 356 1428 quelles
369 1386 528 1428 qu’elles
541 1386 664 1419 soient
676 1385 722 1419 de
739 1387 847 1418 notre
864 1394 955 1418 cour
972 1385 1151 1417 ottroiees
1171 1394 1217 1417 ou
1232 1385 1254 1417 ἐι
1269 1385 1429 1417 ottroier
1439 1395 1448 1426 ;
1465 1384 1559 1417 mais
1575 1385 1699 1418 toutes
1714 1384 1846 1418 lettres

212 1442 275 1483 qui
293 1442 458 1474 seroient
485 1441 658 1474 trouvees
683 1440 890 1473 contraires
918 1440 956 1472 et
983 1439 1137 1471 obvians
1165 1440 1188 1472 a
1211 1438 1248 1472 la
1278 1439 1412 1471 teneur
1444 1439 1607 1472 desdites
1635 1438 1780 1472 clauses
1797 1449 1844 1472 ou

212 1497 339 1535 statut,
360 1505 454 1528 nous
477 1495 523 1528 de
540 1494 707 1528 certaine
725 1495 871 1527 seienoe
889 1502 1100 1535 revoquons
1118 1488 1161 1526 et'
1174 1492 1347 1526 anullons
1364 1502 1432 1535 par
1443 1492 1481 1526 la
1496 1494 1631 1527 teneur
1648 1494 1694 1527 de
1710 1494 1842 1527 cestes.

210 1550 258 1583 Et
270 1560 365 1592 pour
381 1560 423 1584 oe
440 1559 512 1592 que
529 1559 572 1583 ee
585 1550 658 1582 soit
673 1551 792 1583 ferme
809 1550 846 1582 et
858 1548 1001 1582 estable
1017 1549 1039 1581 a
1052 1549 1242 1590 tousjours
1259 1548 1365 1588 mais,
1380 1557 1472 1581 nous
1485 1558 1599 1582 avons
1612 1549 1682 1582 fait
1698 1549 1842 1583 mectre

211 1606 338 1638 nostre
351 1605 424 1639 scel
443 1614 489 1638 en
507 1614 569 1638 oes
587 1605 782 1647 presentes
799 1603 944 1637 lettres.

255 1660 386 1694 Donne
404 1663 424 1693 a
441 1660 547 1693 Saint
564 1660 741 1694 Germain
759 1668 804 1692 en
824 1659 935 1702 Laye,
954 1658 1027 1691 l’an
1054 1658 1099 1692 de
1115 1666 1229 1700 grace
1253 1657 1319 1690 mil
1337 1657 1430 1690 trois
1454 1666 1541 1691 oens
1564 1658 1672 1701 vingt
1687 1658 1725 1692 et
1740 1659 1843 1699 nuef,

210 1716 256 1748 du
275 1715 369 1748 mois
386 1716 432 1749 de
446 1716 671 1749 Novembre.

254 1771 331 1804 Par
346 1771 382 1805 le
395 1772 479 1814 Roy
497 1772 518 1804 ὲ,
534 1771 572 1804 la
587 1771 749 1805 relation
765 1771 811 1804 de
835 1775 957 1803 monsr
972 1769 1127 1812 Aymeri
1153 1768 1326 1801 Guenaut
1352 1769 1391 1803 et
1421 1770 1468 1804 de
1495 1777 1618 1804 mons?
1629 1771 1843 1805 Guillaume

215 1827 383 1861 Bertran.
398 1827 457 1860 Ja.
476 1827 522 1860 de
547 1826 703 1869 Boulay.

560 1899 825 1934 Ordonnances
837 1899 900 1934 des
916 1900 1005 1935 Rois
1023 1899 1068 1934 de
1085 1900 1244 1943 France,
1270 1901 1353 1935 deel
1368 1901 1418 1943 ΙΙ,
1435 1901 1505 1935 blz.
1519 1901 1574 1942 40,
1592 1901 1647 1935 41.
1664 1920 1708 1928 —
1719 1902 1782 1936 Zie
1795 1902 1842 1936 de

600 1956 879 1999 aanteekening
892 1965 938 1998 op
957 1955 1022 1988 het
1034 1957 1273 1999 voorgaande
1290 1957 1387 1990 stuk.

881 2084 946 2130 5¹7
984 2079 1186 2146 (issbis).

270 2220 389 2267 1336,
424 2214 629 2258 Januari
662 2219 727 2266 19,
767 2213 995 2271 Aviynon.
1033 2213 1112 2257 Bul
1138 2228 1222 2257 van
1247 2213 1505 2258 Benedictus
1528 2213 1628 2267 XII,
1654 2211 1834 2271 waarbij

206 2283 264 2340 hij
311 2283 378 2325 die
417 2297 499 2327 van
537 2283 758 2327 Johannes
802 2283 934 2326 XXII
976 2286 1052 2326 ten
1097 2283 1322 2326 voordeele
1366 2283 1442 2325 der
1487 2281 1839 2339 rechtgeloovige

207 2353 416 2409 Begijnen
435 2351 780 2408 ustgevaardigd,
815 2352 958 2395 schier
993 2351 1250 2408 woordelijk
1274 2351 1493 2395 herhaalt.
1533 2375 1575 2382 -
1601 2350 1671 2409 Hij
1691 2351 1838 2394 herin-

207 2429 317 2471 nert‚
364 2421 438 2463 dat
480 2420 565 2477 ziJn
607 2434 881 2477 voorganger
920 2420 1116 2464 Clemens
1157 2421 1214 2472 V,
1258 2420 1452 2476 gehoord
1483 2418 1707 2463 hebbende
1740 2419 1837 2462 veel

208 2488 413 2532 klachten
437 2503 542 2532 over
579 2489 829 2532 kettersche
867 2490 1095 2546 BegiJ'nen,
1130 2489 1280 2533 vooral
1317 2490 1357 2531 in
1394 2488 1691 2538 Duitschland‚
1729 2487 1836 2531 hare

206 2557 309 2600 orde
330 2557 572 2613 afgeschaft
595 2557 696 2601 had.
722 2557 839 2601 Doch
877 2571 929 2614 op
964 2558 1057 2600 veel
1091 2558 1286 2614 plaatsen
1323 2558 1450 2600 leven
1483 2556 1835 2613 rechtgeloovige

206 2626 433 2684 Begijnen,
453 2626 520 2669 die
539 2640 622 2670 van
640 2627 744 2669 deze
761 2627 1092 2683 veroordeeling
1114 2629 1285 2670 moeten
1307 2625 1616 2682 uitgezonderd
1634 2625 1830 2669 worden.

206 2695 265 2737 De
302 2694 588 2751 bisschoppen
612 2698 783 2738 moeten
808 2695 1067 2751 zulkdanige
1090 2694 1303 2751 Begijnen
1332 2697 1463 2751 tegen
1501 2694 1609 2737 hare
1631 2693 1834 2751 viJanden

206 2762 502 2807 beschermen.
532 2763 694 2821 Hier-bij
720 2763 794 2806 wil
822 2764 874 2806 de
906 2776 1013 2820 paus
1047 2764 1260 2807 nochtans
1293 2763 1346 2806 de
1374 2763 1478 2806 orde
1515 2762 1591 2805 der
1622 2761 1831 2820 Begijnen

207 2831 299 2874 niet
320 2831 594 2888 goedkeuren
621 2846 675 2874 en
700 2832 758 2889 hij
784 2832 927 2888 gelast
948 2832 999 2875 de
1023 2832 1306 2889 bisschoppen
1340 2832 1486 2875 overal
1519 2844 1624 2874 eene
1657 2835 1834 2888 strenge

249 2992 295 3036 (1)
318 2993 434 3028 Aldus
447 2994 485 3027 in
499 2993 564 3027 het
576 2994 821 3027 handschrift.
837 2993 1019 3028 Wellioht
1035 2995 1135 3028 moet
1151 3002 1236 3027 men
1250 2993 1353 3027 lezen
1372 3003 1380 3026 :
1406 2994 1567 3027 terriers.
