2050 3470
294 286 314 317 4
980 277 1114 310 ANNO
1141 277 1224 310 1124

291 389 537 435 parrochialis
575 388 774 430 presbiteri
806 386 958 419 servitio
993 386 1219 424 contentam,
1257 394 1340 418 cum
1377 386 1609 427 appendiciis
1643 386 1732 428 suis,
1768 385 1913 428 capella

293 447 435 480 scilicet
452 447 577 478 sancte
594 443 841 484 &Valtburgis
861 450 932 482 que
962 442 1016 472 cst
1046 440 1082 472 in
1115 440 1246 472 eodem
1281 440 1414 482 burgo,
1445 441 1482 472 et
1509 440 1654 481 capella
1678 441 1723 474 de
1750 441 1857 473 Linlo
1876 442 1913 473 et

295 499 549 535 Berendrecht
566 500 603 531 ct
627 497 812 531 Ortheren
831 498 867 528 ct
899 495 1083 532 omnibus,
1110 503 1182 535 que
1209 494 1308 526 infra
1340 494 1520 526 ambitum
1544 497 1689 536 prefate
1713 495 1912 537 parrochie

293 556 543 592 eontinentur,
580 553 626 585 ad
649 561 737 584 usus
775 550 1040 583 canonicorum
1079 549 1117 580 in
1152 548 1283 581 cadem
1323 549 1567 581 servientium
1599 550 1914 582 manumittimus,

295 611 546 644 Personarum
570 615 716 648 quoque
748 604 1032 637 substitutiones
1060 604 1098 636 et
1125 602 1312 643 quaslibet
1336 603 1564 642 exactiones,
1594 604 1716 636 soluto
1746 603 1915 645 quolibet

293 675 389 698 anno
406 665 444 696 in
462 663 663 696 testivitate
686 660 803 692 sancti
834 659 933 691 Luce
963 658 1069 690 nobis
1086 666 1150 689 scu
1180 657 1456 690 successoribus
1487 658 1624 690 nostris
1641 660 1767 690 sancte
1795 657 1914 691 Marie

292 717 569 752 Cameracensis
609 714 766 748 ecclesie
799 713 983 755 episcopis
1012 712 1189 744 canonice
1218 712 1430 744 substitutis
1455 721 1475 744 a
1499 714 1642 753 prefata
1665 712 1824 746 ecclesia
1847 721 1914 753 pro

292 772 477 806 libertatis
505 779 570 804 sue
594 769 777 802 memoria
800 768 883 800 auri
901 767 1060 800 bisantio
1086 765 1237 799 excluso
1261 768 1386 800 cetero
1413 766 1620 808 pontificali
1645 766 1769 800 debito
1795 766 1915 798 inter-

293 829 451 861 dicimus
469 836 477 859 :
497 835 540 859 eo
554 825 704 866 quidem
722 826 864 862 tenore,
888 824 930 855 ut
945 822 1157 864 prepositus
1174 830 1258 854 cum
1276 821 1472 855 duodecim
1499 821 1689 854 canonicis
1717 821 1858 854 ibidem
1876 821 1914 853 in

294 882 459 926 presenti
475 882 672 913 statuatur.

338 937 413 970 Nos
429 944 517 969 vero
531 933 689 967 ecclesie
706 934 832 966 nostre
849 932 1075 975 dignitatem
1091 932 1270 965 canonice
1287 933 1551 966 conservantes
1569 931 1817 970 decernimus,
1835 931 1877 963 ut
1893 939 1916 964 a

294 992 482 1026 canonicis
510 989 723 1032 prepositus
754 987 934 1020 canonice
965 986 1107 1019 electus
1140 987 1322 1028 nobisque
1361 995 1426 1019 scu
1466 985 1743 1019 successoribus
1774 985 1912 1018 nostris

293 1048 526 1090 presentatus
554 1050 682 1077 curam
713 1040 979 1073 canonicorum
1009 1039 1054 1072 de
1087 1048 1199 1071 manu
1230 1039 1360 1071 nostra
1383 1039 1561 1080 suscipiat
1597 1039 1633 1070 et
1671 1037 1778 1070 nobis
1809 1045 1914 1070 more

289 1101 565 1145 prepositorum
587 1097 732 1140 pretate
757 1093 1034 1128 Cameracensis
1058 1093 1216 1127 ecclesie
1240 1093 1405 1126 debitam
1421 1093 1673 1126 obedientiam
1698 1091 1901 1133 impendat.

291 1157 348 1191 Ad
365 1157 459 1189 hanc
476 1163 567 1197 ergo
585 1151 850 1186 canonicorum
862 1147 1139 1181 institutionem
1152 1150 1333 1190 perpetuo
1347 1147 1588 1181 muniendam
1598 1145 1756 1179 eandem
1768 1145 1913 1188 ligandi

292 1215 403 1253 atque
441 1207 609 1242 solvendi
647 1205 883 1248 potestatem,
912 1211 1023 1244 quam
1054 1203 1175 1236 mater
1206 1204 1334 1235 nostra
1367 1201 1647 1235 Cameracensis
1675 1199 1837 1233 ecclesia
1870 1199 1910 1231 in

291 1272 511 1308 pervasores
527 1271 613 1294 suos
626 1260 751 1299 habet,
770 1259 936 1300 sepefate
961 1257 1081 1291 sancti
1100 1256 1296 1290 Micahelis
1314 1256 1472 1291 ecclesie
1488 1257 1525 1288 in
1543 1254 1804 1288 malefactores
1822 1262 1908 1286 suos

291 1318 530 1353 concedimus
539 1319 577 1350 et
591 1318 633 1349 ut
649 1313 850 1357 presbiteri
864 1311 1099 1354 parochiales
1116 1321 1138 1345 a
1153 1312 1344 1354 preposito
1362 1321 1428 1344 suo
1447 1312 1484 1344 et
1500 1309 1690 1343 canonicis
1713 1308 1907 1341 substituti

291 1382 419 1407 curam
436 1381 457 1405 a
472 1372 579 1404 nobis
596 1379 661 1404 seu
675 1368 858 1402 ministris
873 1367 1009 1400 nostris
1027 1367 1213 1408 recipiant
1225 1367 1478 1399 decernimus.

336 1426 385 1459 Ut
401 1429 526 1458 autem
541 1423 717 1455 libertate
735 1430 756 1454 a
772 1420 878 1452 nobis
903 1420 1042 1452 tradita
1058 1419 1229 1452 canonici
1247 1419 1340 1451 inibi
1360 1417 1536 1451 substitui
1560 1417 1724 1459 possent,
1742 1416 1912 1459 prefatus

292 1481 367 1514 dux
394 1481 484 1513 duas
501 1480 626 1521 partes
652 1474 929 1517 manipulorum
955 1474 1110 1514 decime,
1137 1483 1209 1516 que
1234 1473 1280 1506 ad
1307 1473 1563 1514 Antwerpiam
1579 1473 1616 1505 et
1633 1472 1714 1513 eJus
1731 1471 1913 1504 ambitum

293 1536 495 1578 pertinent,
513 1541 604 1574 quas
619 1541 640 1564 a
655 1530 919 1573 predecessore
937 1538 1002 1561 suo
1021 1528 1180 1561 illustris
1193 1527 1373 1561 memorie
1387 1527 1602 1567 Godefrido,
1621 1527 1715 1559 duce
1731 1527 1768 1559 et
1785 1526 1915 1568 postea

293 1588 621 1624 Iherosolimitano
649 1594 753 1628 rege,
771 1585 889 1617 sancti
916 1582 1113 1617 Micahelis
1130 1583 1288 1617 ecclesie
1316 1583 1474 1615 traditas
1499 1583 1622 1614 minus
1644 1582 1743 1623 Juste
1768 1580 1913 1613 subtra-

293 1647 412 1684 xerat,
431 1644 553 1677 eidem
570 1640 728 1674 ecclesie
752 1638 972 1681 recognovit
995 1639 1033 1671 et
1063 1638 1246 1671 concessit
1271 1639 1308 1670 et
1324 1640 1365 1671 ut
1389 1637 1508 1670 nostri
1533 1636 1674 1669 decreti
1692 1635 1914 1668 auctoritate

294 1700 545 1737 firmarentur,
565 1695 792 1738 impetravit.
813 1692 971 1726 Evoluto
992 1694 1117 1725 autem
1142 1702 1216 1725 non
1240 1692 1358 1725 multo
1382 1694 1563 1734 tempore,
1583 1689 1753 1723 canonici
1769 1689 1914 1731 prefate

292 1754 449 1787 ecclesie
478 1753 596 1786 sancti
614 1748 810 1783 Micahelis
838 1749 988 1781 sensata
1015 1747 1349 1789 circumspectione
1376 1746 1511 1790 vigiles
1541 1746 1729 1788 digneque
1753 1752 1910 1786 perpen-

292 1807 435 1846 dentes,
475 1805 572 1846 quod
599 1814 674 1846 eos,
705 1812 863 1845 quorum
907 1803 1208 1835 sustentarentur
1252 1802 1479 1842 carnalibus,
1521 1800 1696 1842 saginare
1731 1799 1915 1832 deberent

293 1860 550 1904 spiritualibus
567 1862 671 1902 (nam
687 1868 746 1892 eos
762 1856 992 1891 heresiarche
1011 1856 1206 1890 Tankelmz'
1221 1867 1359 1891 veneno
1375 1866 1442 1890 suo
1470 1865 1590 1889 sermo
1606 1853 1797 1898 infecerat)
1810 1853 1856 1887 ad
1872 1862 1913 1886 se

293 1916 450 1947 fratrem
467 1914 723 1953 Nortbertum,
737 1913 859 1945 virum
876 1913 1014 1944 nostris
1030 1912 1263 1953 temporibus
1280 1911 1495 1953 spectabilis
1512 1909 1723 1952 religionis,
1737 1907 1914 1941 accersiri

291 1968 515 2000 curaverunt
553 1967 662 2007 eique
697 1975 739 1998 ac
770 1965 846 1997 suis
875 1964 1055 1997 fratribus
1087 1963 1260 2006 regulam
1299 1964 1399 1997 beati
1438 1965 1640 2006 Augustini
1676 1963 1912 1997 servantibus

291 2031 469 2064 suamque
485 2022 760 2054 institutionem
785 2019 1075 2060 exsequentibus
1100 2027 1168 2060 per
1185 2020 1332 2051 nostras
1347 2028 1477 2052 manus
1502 2018 1699 2051 ecclesiam
1723 2016 1913 2060 supradic-

290 2081 379 2117 tam,
415 2086 526 2118 quam
561 2085 583 2109 a
609 2076 716 2108 nobis
744 2075 997 2116 susceperant,
1039 2082 1123 2106 cum
1159 2073 1314 2116 capellis
1341 2074 1380 2106 in
1411 2074 1492 2116 ipso
1525 2073 1712 2106 cimiterio
1744 2071 1909 2104 fundatis

291 2135 329 2166 et
352 2133 470 2165 tribus
509 2131 708 2164 curtilibus
747 2131 784 2162 et
817 2129 953 2171 jugero
987 2130 1088 2161 terre
1113 2128 1193 2170 ejus
1219 2128 1404 2161 cimiterio
1431 2128 1689 2170 adjacentibus
1721 2126 1912 2159 contrade-

290 2189 437 2221 derunt.
477 2186 553 2228 Ipsi
585 2195 672 2218 vero
697 2185 801 2226 prius
829 2192 984 2216 numero
1013 2182 1209 2215 duodecim
1242 2191 1439 2215 numerum
1464 2192 1572 2215 suum
1601 2183 1643 2215 in
1682 2182 1765 2214 octo
1784 2181 1912 2214 termi-

292 2244 473 2275 naverunt
497 2243 534 2274 et
557 2250 595 2273 se
620 2249 703 2272 cum
729 2241 810 2270 octo
837 2238 1036 2279 prebendis
1064 2239 1101 2270 et
1124 2238 1362 2280 prepositure
1389 2247 1455 2270 sue
1480 2237 1699 2280 integritate
1724 2237 1770 2269 ad
1795 2235 1911 2269 eccle·

291 2297 385 2329 siam
403 2298 509 2330 beate
534 2295 653 2328 Marie
681 2292 966 2326 transtulerunt.
981 2291 1163 2333 Reliquas
1190 2301 1278 2325 vero
1296 2293 1457 2333 quatuor
1468 2291 1679 2334 prebendas
1699 2299 1768 2333 per
1789 2290 1914 2323 omnia

292 2353 368 2385 suis
392 2350 640 2384 consimiliter
656 2348 923 2390 participantes
947 2347 1014 2379 sub
1039 2348 1166 2380 nostre
1190 2347 1425 2380 auctoritatis
1448 2346 1734 2379 confirmatione
1751 2345 1911 2378 tradide-

291 2408 391 2446 runt,
416 2408 570 2447 excepto
589 2403 687 2445 quod
704 2401 842 2435 allodia
858 2403 895 2434 et
919 2401 1116 2442 mancipia,
1147 2410 1219 2442 que
1244 2410 1360 2443 usque
1384 2402 1430 2434 ad
1461 2401 1530 2434 hec
1557 2402 1728 2442 tempora
1756 2399 1914 2432 ecclesia

291 2459 359 2492 illa
384 2460 613 2501 possederat,
639 2459 677 2490 in
706 2467 791 2490 suos
816 2455 1061 2498 singulariter
1085 2465 1173 2488 usus
1206 2458 1536 2498 segregraverunt.
1560 2455 1793 2496 Baptismum
1824 2462 1912 2487 vero

291 2514 528 2547 celeberrimi
545 2512 736 2554 temporis,
747 2510 922 2543 videlicet
940 2509 1084 2542 Pasche
1101 2512 1138 2542 et
1155 2510 1409 2550 PentecosteS,
1423 2510 1462 2543 in
1479 2511 1638 2550 utraque
1653 2509 1914 2542 observabitur

291 2566 466 2607 ecclesia3
485 2566 630 2607 reliquo
662 2568 787 2599 autem
811 2566 982 2607 tempore
998 2564 1269 2607 parrochianus
1286 2565 1459 2597 sacerdos
1485 2565 1612 2597 sancte
1644 2563 1765 2597 Marie
1795 2563 1913 2604 bapti-

291 2619 415 2651 zandis
432 2619 654 2660 providebit.
675 2617 834 2660 Sepeliri
859 2626 1007 2659 quoque
1023 2618 1217 2650 defunctos
1241 2617 1280 2649 in
1304 2617 1502 2658 utriusque
1534 2616 1692 2650 ecclesie
1724 2616 1911 2650 cimiterio

292 2673 431 2706 licebit.
452 2673 501 2706 Ut
518 2675 643 2706 autem
666 2674 743 2705 tam
767 2671 868 2705 clare
893 2671 1156 2705 beneficientie
1173 2672 1280 2705 fedus
1297 2670 1518 2704 inviolatum
1534 2671 1635 2704 inter
1648 2670 1748 2713 ipsos
1765 2679 1914 2712 semper

292 2728 520 2769 permaneat,
549 2727 619 2759 hoc
646 2726 843 2760 definitum
868 2728 936 2766 est,
964 2731 1006 2759 ut
1033 2726 1292 2768 quodcumque
1318 2724 1489 2758 infirmus
1521 2726 1559 2758 et
1588 2726 1754 2759 moriens
1784 2734 1912 2767 parro-

291 2781 446 2813 chianus
463 2782 540 2814 sive
557 2782 594 2813 in
612 2782 714 2813 terra
731 2788 795 2813 seu
814 2780 852 2812 in
866 2779 941 2812 alia
959 2780 1167 2813 substantia
1185 2779 1300 2812 cuivis
1325 2777 1484 2813 ecclesie
1501 2778 1683 2812 obtulerit
1700 2780 1764 2812 aut
1780 2788 1848 2822 pro
1873 2788 1913 2813 se

294 2835 524 2868 offerendum
552 2836 770 2873 instituerit,
797 2843 865 2876 per
890 2834 1053 2867 medium
1077 2834 1276 2867 dividatur.
1296 2832 1402 2871 Quod
1425 2842 1514 2867 vero
1532 2833 1677 2867 alienus
1715 2842 1826 2867 sanus
1853 2833 1912 2868 vel

292 2889 461 2921 infirmus
478 2892 542 2921 aut
566 2889 837 2930 parrochianus
863 2887 1063 2922 incolumis
1091 2888 1249 2928 dederit,
1268 2887 1440 2929 ecclesia,
1466 2888 1527 2921 cui
1549 2888 1622 2921 hoc
1638 2888 1766 2921 datum
1781 2887 1910 2929 fuerit,

293 2944 430 2985 absque
455 2944 657 2985 partitione
674 2943 874 2985 possideat.
894 2943 927 2976 N
931 2952 973 2976 ec
989 2944 1111 2977 minus
1135 2944 1333 2985 utramque
1355 2942 1554 2978 ecclesiam
1577 2944 1728 2987 integra
1744 2944 1782 2978 et
1798 2942 1912 2986 parili
