2050 3470
235 304 277 335 ⁴8
878 300 1012 333 ANNO
1041 299 1223 332 12:35-1936

239 411 527 468 omliggende.
547 432 601 440 -
623 410 811 453 Broeder
834 408 994 452 Robert
1012 409 1132 451 werd
1150 408 1367 464 gezonden
1387 423 1455 451 om
1474 413 1601 463 tegeri
1627 409 1678 451 de
1696 409 1861 452 ketters

239 486 284 524 te
317 480 521 536 prediken
547 494 556 530 ;
606 479 667 534 hij
694 478 778 521 had
817 477 1034 520 volmacht
1067 490 1134 519 om
1157 477 1208 519 de
1231 477 1445 532 goederen
1469 478 1545 522 der
1577 479 1743 522 ketters
1766 493 1864 522 ver-

240 548 373 592 beurd
407 553 453 592 te
477 547 707 590 verklaren
743 561 795 589 en
831 547 882 588 de
905 545 1073 588 ketters
1106 545 1192 588 zelf
1219 548 1263 588 te
1281 544 1568 601 verbranden,
1592 549 1779 604 hetgeen
1801 548 1860 605 hij

239 617 500 661 meermalen
526 615 646 666 deed‚
674 615 822 658 vooral
841 620 884 658 te
906 613 1145 670 Kamerijk.

627 707 814 741 Comment
839 707 938 749 frere
962 706 1113 741 Robiers
1137 705 1222 739 arde·
1245 706 1295 740 les
1318 706 1482 750 bouyres.

292 789 347 821 En
367 787 441 820 l’an
461 788 523 828 qui
538 786 682 818 couroit
700 785 765 817 mil
784 784 836 817 IIc
854 786 891 817 et
906 784 1047 817 XXXV
1065 793 1208 826 envoya
1220 784 1246 816 li
1260 784 1446 826 apostoles
1459 794 1536 827 ung
1548 785 1649 818 frere
1662 785 1867 827 prescheur

248 844 357 885 qu'on
377 842 541 884 appeloit
556 842 655 873 frere
670 840 826 878 Robert,
842 849 937 881 pour
948 838 1161 882 praiech-icr
1177 840 1306 872 contre
1323 839 1377 873 les
1394 840 1524 873 erittes
1538 842 1575 873 et
1587 839 1641 873 les
1654 841 1866 873 mesoreans

249 900 422 940 bougres,
449 901 482 929 ct
507 896 532 928 li
557 897 681 928 donna
702 895 803 937 plein
820 895 929 936 pooir
945 895 989 926 dc
1007 894 1168 936 prendre
1185 893 1315 927 l‘avoir
1331 895 1375 927 de
1393 894 1537 927 chiauls
1554 895 1643 936 qu’il
1659 895 1867 928 trouveroit

246 953 327 990 tels„
351 956 385 984 et
410 951 544 984 d‘iauls
565 951 660 983 faire
679 950 816 983 ardoir.
833 949 879 981 Et
899 949 924 981 il
944 959 989 982 en
1010 950 1070 981 fist
1086 948 1273 990 pluiseurs
1298 950 1425 982 ardoir
1448 959 1494 982 en
1519 950 1684 983 diverses
1706 949 1813 982 villes
1830 950 1867 982 et

245 1007 511 1050 especialnicnt
532 1016 577 1039 en
596 1006 630 1038 le
644 1006 733 1038 citet
749 1005 793 1037 de
811 1004 1008 1046 Cambray‚
1027 1004 1090 1045 qui
1105 1005 1215 1037 estoit
1231 1013 1275 1037 en
1290 1004 1462 1046 l'empire
1483 1004 1781 1048 d‘Alemaingne.

585 1082 701 1115 Istore
717 1086 750 1114 et
775 1080 992 1125 chroniques
1005 1079 1050 1113 de
1068 1079 1264 1121 Flandres,
1284 1082 1512 1124 uitgegeven
1537 1082 1630 1114 door
1654 1082 1806 1125 Kervyn
1822 1081 1868 1114 de

631 1135 875 1175 Lettenhovc‚
896 1135 977 1169 deel
995 1135 1025 1175 1,
1045 1135 1113 1168 blz.
1131 1137 1203 1169 154.

908 1268 977 1311 28
1012 1259 1210 1324 (mobis).

304 1399 424 1446 1235,
462 1397 700 1452 Auyustus
719 1398 787 1446 22,
813 1392 1028 1435 Perusia.
1052 1392 1131 1435 Bul
1155 1406 1239 1435 van
1257 1392 1493 1448 Gregorius
1511 1393 1591 1442 IX,
1619 1391 1787 1448 gericht
1804 1394 1869 1435 tot

243 1467 322 1509 den
347 1464 669 1518 aartsbisschop
692 1476 776 1505 van
799 1461 920 1512 Sens,
959 1475 1025 1503 om
1057 1462 1155 1504 hem
1178 1466 1222 1504 te
1253 1460 1432 1504 bevelen
1466 1461 1517 1503 de
1540 1461 1762 1517 Inquisitie
1783 1463 1872 1504 met

242 1536 398 1590 behulp
417 1547 501 1577 van
519 1532 701 1575 broeder
719 1530 884 1573 Robert
901 1544 951 1571 en
972 1530 1023 1572 de
1047 1530 1362 1585 predikheeren
1382 1529 1529 1572 alsook
1547 1543 1632 1572 van
1651 1529 1866 1580 eenieder,

241 1603 308 1646 die
327 1604 504 1646 daartoe
522 1601 746 1643 bekwaam
769 1598 912 1642 wordt
935 1599 1104 1654 geacht‚
1138 1599 1181 1641 in
1206 1599 1371 1655 gansch
1394 1599 1631 1655 Frankrijk
1653 1604 1722 1641 ter
1743 1598 1870 1640 harte

243 1678 286 1717 te
305 1687 474 1716 nemen.
497 1696 553 1704 —-
578 1670 720 1713 Reeds
751 1683 936 1724 vroeger
954 1668 1038 1711 had
1071 1668 1129 1726 hij
1166 1683 1243 1711 een
1269 1668 1478 1724 dergelijk
1497 1667 1621 1711 bevel
1639 1681 1834 1724 gegeven
1855 1680 1864 1715 ;

243 1757 362 1785 maar
384 1747 484 1785 toen
509 1739 631 1783 bleek
667 1739 718 1780 de
750 1737 976 1792 Inquisitie
1009 1738 1051 1779 in
1088 1738 1242 1779 zekere
1275 1737 1501 1793 gedeelten
1525 1750 1608 1779 van
1632 1734 1869 1791 Frankrijk

246 1811 335 1853 niet
358 1811 514 1865 noodig
538 1814 581 1852 te
604 1808 707 1864 zijn.
733 1807 800 1850 Nu
824 1807 989 1863 schijnt
1018 1806 1071 1848 de
1102 1807 1303 1849 toestand
1338 1806 1528 1848 slechter
1558 1804 1794 1861 geworden
1828 1808 1872 1845 te

244 1879 329 1935 zijn
348 1891 399 1919 en
420 1892 467 1920 er
489 1877 608 1919 dient
624 1874 883 1931 gehandeld.
904 1875 963 1916 De
986 1887 1091 1929 paus
1115 1873 1261 1916 maakt
1285 1878 1370 1916 met
1388 1872 1451 1915 lof
1469 1886 1626 1928 gewag
1651 1885 1733 1914 van
1753 1870 1872 1914 broe-

244 1947 320 1989 der
353 1946 530 1996 Robert,
569 1959 622 1987 en
665 1943 834 1986 beveelt
867 1943 966 1985 hem
990 1955 1070 1985 aan
1096 1942 1162 1985 als
1184 1956 1263 1984 een
1287 1942 1506 1997 ieverigen
1528 1940 1760 1998 bestriner
1797 1939 1874 1982 der

243 2015 417 2072 ketterij
427 2049 436 2058 .

293 2109 500 2151 Gregorius
519 2108 729 2149 episcopus,
755 2115 883 2138 servus
905 2113 1098 2137 servorum
1116 2104 1198 2144 Dei,
1220 2103 1428 2137 venerabili
1451 2103 1561 2136 fratri
1586 2112 1651 2135 suo
1668 2101 1876 2144 archiepis·

250 2173 342 2206 copo
357 2163 564 2196 Senonensi
581 2161 740 2195 salutem
758 2163 793 2193 et
807 2159 1051 2202 apostolicam
1065 2159 1378 2192 benedictionem.

296 2220 375 2257 Quo
394 2220 493 2251 inter
509 2220 653 2251 ceteras
679 2217 807 2249 mundi
826 2216 1037 2257 provincias
1063 2214 1268 2256 apostolica
1293 2214 1398 2247 sedes
1421 2212 1505 2255 plus
1530 2212 1662 2245 dilexit
1686 2213 1724 2244 et
1751 2210 1876 2253 diligit

256 2274 480 2313 Gallicanas,
492 2274 622 2315 utpote
635 2281 730 2313 quae
747 2272 950 2313 puritatem
963 2270 1049 2303 fidei
1065 2272 1101 2303 et
1119 2270 1355 2302 devotionem
1367 2268 1560 2301 Romanae
1578 2267 1758 2301 ecclesiae
1783 2274 1876 2299 sem-

255 2341 322 2373 per
346 2332 567 2363 inconcusso
585 2329 737 2361 foedere
755 2328 1011 2365 servaverunt,
1040 2335 1084 2358 eo
1099 2326 1249 2358 fortiori
1267 2325 1395 2358 dolore
1421 2324 1664 2367 percellimur
1687 2322 1879 2356 intellecto

255 2386 443 2418 contrario
458 2387 494 2417 et
509 2384 691 2416 auditioni
703 2383 877 2414 sinistrae
896 2381 1061 2413 remedio
1077 2380 1251 2413 celeriori
1266 2381 1420 2412 nitimur
1434 2381 1597 2412 obviare.
1612 2379 1720 2418 Sane,
1739 2377 1879 2410 dudum

254 2442 393 2479 audito,
414 2440 509 2481 quod
536 2440 573 2471 in
603 2447 720 2480 regno
751 2438 932 2470 Fran‹·iae
961 2436 1142 2469 haeretici
1171 2436 1479 2476 subreperebant,
1497 2433 1719 2476 provinciali
1736 2432 1878 2465 ordinis

252 2496 551 2538 praedicatorum
565 2495 600 2525 in
617 2493 747 2525 codem
764 2501 881 2534 regno
896 2491 1065 2523 dedimus
1082 2491 1119 2522 in
1138 2491 1384 2529 mandatis‚ut
1398 2490 1581 2531 aliquibus
1592 2489 1772 2521 fratribus
1786 2488 1876 2527 suis,

252 2552 347 2592 aptis
362 2550 404 2583 ad
420 2549 503 2590 hoc,
520 2548 800 2589 inquisitionem
817 2547 947 2578 contra
960 2545 1045 2577 illos
1059 2546 1311 2578 committeret
1323 2546 1361 2577 in
1379 2554 1496 2587 regno
1510 2544 1692 2586 praefat03
1707 2543 1770 2575 sed
1783 2541 1877 2575 mul-

255 2609 378 2638 torum
397 2604 632 2646 postmodum
648 2602 871 2635 ascendente
890 2610 1081 2633 murmure
1102 2600 1349 2633 astruentium
1367 2600 1411 2632 de
1428 2599 1650 2641 quibusdam
1661 2598 1877 2640 provinciis,

256 2661 353 2701 quod
372 2661 407 2692 in
423 2660 478 2692 eis
495 2658 708 2699 hujusmodi
727 2666 800 2688 non
818 2656 972 2688 deberet
990 2655 1182 2695 inquisitio
1208 2655 1302 2694 fieri,
1321 2664 1404 2687 cum
1421 2655 1466 2687 de
1482 2654 1631 2687 haeresi
1646 2662 1720 2686 non
1736 2653 1879 2685 fuerint

259 2716 474 2752 infamatac⁷
490 2713 705 2753 scripsimus
724 2711 830 2742 fratri
846 2710 1014 2742 Roberto
1033 2710 1069 2741 et
1083 2708 1178 2748 aliis,
1195 2710 1257 2749 qui
1276 2710 1313 2741 in
1327 2709 1523 2741 commisso
1537 2709 1607 2740 sibi
1620 2707 1771 2749 negotio
1789 2715 1878 2748 pro-

255 2771 388 2802 cedere
407 2769 621 2810 coeperant,
640 2768 821 2807 quatenus
836 2766 873 2796 in
891 2764 995 2803 locis,
1017 2765 1054 2795 in
1069 2764 1203 2804 quibus
1221 2773 1293 2795 non
1319 2764 1519 2796 devenerat
1548 2762 1705 2804 alicujus
1723 2762 1879 2794 infamia

255 2824 435 2864 haeresis,
451 2828 575 2854 notam
594 2831 666 2853 non
680 2820 999 2861 persequerentur
1016 2818 1171 2850 erroris.
1192 2817 1287 2856 Quia
1303 2827 1390 2850 vero
1408 2819 1492 2859 post
1507 2817 1611 2858 haec,
1629 2825 1673 2850 eo
1687 2815 1877 2849 revelante

252 2879 448 2911 interioria
474 2877 640 2918 parietis,
669 2876 732 2916 qui
757 2875 998 2906 tenebrarum
1020 2873 1195 2914 producit
1221 2882 1313 2914 opus
1330 2874 1367 2905 in
1385 2872 1521 2912 lucem,
1537 2876 1574 2904 et
1591 2872 1637 2904 ad
1660 2872 1876 2912 vindictam,

252 2942 336 2965 cum
354 2932 445 2972 vult,
463 2932 581 2970 exigit
609 2931 779 2962 umbram
809 2929 954 2967 mortis,
981 2929 1086 2960 tanta
1111 2928 1156 2960 de
1181 2928 1367 2960 universis
1384 2928 1492 2969 regni
1511 2927 1692 2960 Franciae
1707 2926 1876 2967 partibus

255 2987 414 3020 ebullire
429 2987 566 3017 dicitur
581 2986 848 3017 venenatorum
862 2982 1062 3014 multitudo
1076 2982 1269 3024 reptilium
1283 2985 1320 3015 et
1333 2983 1530 3016 haeresum
1544 2982 1666 3015 sanies
1679 2980 1874 3020 scaturire,
