<?xml version="1.0" encoding="UTF-8"?>
<!DOCTYPE html PUBLIC "-//W3C//DTD XHTML 1.0 Transitional//EN"
    "http://www.w3.org/TR/xhtml1/DTD/xhtml1-transitional.dtd">
<html xmlns="http://www.w3.org/1999/xhtml" xml:lang="en" lang="en">
 <head>
  <title>
</title>
<meta http-equiv="Content-Type" content="text/html;charset=utf-8" />
  <meta name='ocr-system' content='tesseract 3.04.00' />
  <meta name='ocr-capabilities' content='ocr_page ocr_carea ocr_par ocr_line ocrx_word'/>
</head>
<body>
  <div class='ocr_page' id='page_1' title='image "./corpusdocumentor02fruoft_0155.png"; bbox 0 0 2050 3470; ppageno 0'>
   <div class='ocr_carea' id='block_1_1' title="bbox 743 295 1740 331">
    <p class='ocr_par' dir='ltr' id='par_1_1' title="bbox 743 295 1740 331">
     <span class='ocr_line' id='line_1_1' title="bbox 743 295 1740 331; baseline 0.001 -2"><span class='ocrx_word' id='word_1_1' title='bbox 743 295 882 330; x_wconf 89' lang='lat' dir='ltr'>ANNO</span> <span class='ocrx_word' id='word_1_2' title='bbox 912 296 1098 329; x_wconf 79' lang='lat'>1349-1350</span> <span class='ocrx_word' id='word_1_3' title='bbox 1679 298 1740 331; x_wconf 75' lang='lat'>125</span> 
     </span>
    </p>
   </div>
   <div class='ocr_carea' id='block_1_2' title="bbox 777 433 1051 498">
    <p class='ocr_par' dir='ltr' id='par_1_2' title="bbox 777 433 1051 498">
     <span class='ocr_line' id='line_1_2' title="bbox 777 433 1051 498; baseline -0.004 -14"><span class='ocrx_word' id='word_1_4' title='bbox 777 438 845 484; x_wconf 85' lang='lat'>¹76</span> <span class='ocrx_word' id='word_1_5' title='bbox 879 433 1051 498; x_wconf 82' lang='lat'><strong>(197⁷).</strong></span> 
     </span>
    </p>
   </div>
   <div class='ocr_carea' id='block_1_3' title="bbox 83 566 1735 1391">
    <p class='ocr_par' dir='ltr' id='par_1_3' title="bbox 83 566 1735 1391">
     <span class='ocr_line' id='line_1_3' title="bbox 154 566 1733 623; baseline 0.002 -15"><span class='ocrx_word' id='word_1_6' title='bbox 154 568 401 616; x_wconf 81' lang='lat'><em>1349-1350,</em></span> <span class='ocrx_word' id='word_1_7' title='bbox 438 566 756 610; x_wconf 78' lang='lat' dir='ltr'>Nederlanden</span> <span class='ocrx_word' id='word_1_8' title='bbox 779 579 833 609; x_wconf 79' lang='lat' dir='ltr'>en</span> <span class='ocrx_word' id='word_1_9' title='bbox 861 566 1134 623; x_wconf 75' lang='lat' dir='ltr'>Frankrzjk.</span> <span class='ocrx_word' id='word_1_10' title='bbox 1170 566 1414 610; x_wconf 88' lang='lat' dir='ltr'>Uittreksel</span> <span class='ocrx_word' id='word_1_11' title='bbox 1448 567 1513 610; x_wconf 88' lang='lat' dir='ltr'>uit</span> <span class='ocrx_word' id='word_1_12' title='bbox 1544 567 1596 611; x_wconf 89' lang='lat' dir='ltr'>de</span> <span class='ocrx_word' id='word_1_13' title='bbox 1629 567 1733 611; x_wconf 86' lang='lat' dir='ltr'>kro—</span> 
     </span>
     <span class='ocr_line' id='line_1_4' title="bbox 90 635 1735 694; baseline 0.001 -15"><span class='ocrx_word' id='word_1_14' title='bbox 90 636 182 694; x_wconf 88' lang='lat' dir='ltr'>nijk</span> <span class='ocrx_word' id='word_1_15' title='bbox 199 650 284 679; x_wconf 85' lang='lat' dir='ltr'>van</span> <span class='ocrx_word' id='word_1_16' title='bbox 308 636 390 679; x_wconf 92' lang='lat' dir='ltr'>den</span> <span class='ocrx_word' id='word_1_17' title='bbox 415 636 736 693; x_wconf 85' lang='lat' dir='ltr'>gelijktijdigen</span> <span class='ocrx_word' id='word_1_18' title='bbox 760 637 996 692; x_wconf 83' lang='lat' dir='ltr'>vervolger</span> <span class='ocrx_word' id='word_1_19' title='bbox 1018 650 1071 693; x_wconf 92' lang='lat' dir='ltr'>op</span> <span class='ocrx_word' id='word_1_20' title='bbox 1096 635 1344 679; x_wconf 89' lang='lat' dir='ltr'>Guillaume</span> <span class='ocrx_word' id='word_1_21' title='bbox 1366 636 1419 680; x_wconf 92' lang='lat' dir='ltr'>de</span> <span class='ocrx_word' id='word_1_22' title='bbox 1440 636 1607 692; x_wconf 86' lang='lat' dir='ltr'>Nangis</span> <span class='ocrx_word' id='word_1_23' title='bbox 1629 651 1735 680; x_wconf 88' lang='lat' dir='ltr'>over</span> 
     </span>
     <span class='ocr_line' id='line_1_5' title="bbox 90 705 1735 761; baseline 0.001 -13"><span class='ocrx_word' id='word_1_24' title='bbox 90 705 142 748; x_wconf 89' lang='lat' dir='ltr'>de</span> <span class='ocrx_word' id='word_1_25' title='bbox 164 705 439 749; x_wconf 84' lang='lat' dir='ltr'>Geeselaars.</span> <span class='ocrx_word' id='word_1_26' title='bbox 459 727 515 735; x_wconf 92' lang='lat'>——</span> <span class='ocrx_word' id='word_1_27' title='bbox 533 706 593 761; x_wconf 87' lang='lat' dir='ltr'>Zij</span> <span class='ocrx_word' id='word_1_28' title='bbox 630 705 825 749; x_wconf 90' lang='lat' dir='ltr'>bloeiden</span> <span class='ocrx_word' id='word_1_29' title='bbox 861 706 904 748; x_wconf 90' lang='lat' dir='ltr'>in</span> <span class='ocrx_word' id='word_1_30' title='bbox 939 705 1237 757; x_wconf 79' lang='lat' dir='ltr'>Duitschland,</span> <span class='ocrx_word' id='word_1_31' title='bbox 1267 705 1564 757; x_wconf 88' lang='lat' dir='ltr'>Vlaanderen,</span> <span class='ocrx_word' id='word_1_32' title='bbox 1591 707 1735 750; x_wconf 91' lang='lat' dir='ltr'>Hene-</span> 
     </span>
     <span class='ocr_line' id='line_1_6' title="bbox 86 774 1733 833; baseline 0.001 -16"><span class='ocrx_word' id='word_1_33' title='bbox 86 788 272 831; x_wconf 85' lang='lat' dir='ltr'>gouwen</span> <span class='ocrx_word' id='word_1_34' title='bbox 298 788 352 817; x_wconf 92' lang='lat' dir='ltr'>en</span> <span class='ocrx_word' id='word_1_35' title='bbox 385 775 654 833; x_wconf 87' lang='lat' dir='ltr'>Lotherrijk,</span> <span class='ocrx_word' id='word_1_36' title='bbox 697 789 819 818; x_wconf 86' lang='lat' dir='ltr'>maar</span> <span class='ocrx_word' id='word_1_37' title='bbox 856 775 1058 818; x_wconf 87' lang='lat' dir='ltr'>kwamen</span> <span class='ocrx_word' id='word_1_38' title='bbox 1093 775 1183 818; x_wconf 90' lang='lat' dir='ltr'>niet</span> <span class='ocrx_word' id='word_1_39' title='bbox 1217 788 1327 818; x_wconf 87' lang='lat' dir='ltr'>naar</span> <span class='ocrx_word' id='word_1_40' title='bbox 1359 774 1503 832; x_wconf 87' lang='lat' dir='ltr'>Parijs</span> <span class='ocrx_word' id='word_1_41' title='bbox 1542 776 1654 819; x_wconf 89' lang='lat' dir='ltr'>noch</span> <span class='ocrx_word' id='word_1_42' title='bbox 1690 777 1733 819; x_wconf 93' lang='lat' dir='ltr'>in</span> 
     </span>
     <span class='ocr_line' id='line_1_7' title="bbox 86 846 1730 904; baseline 0.001 -14"><span class='ocrx_word' id='word_1_43' title='bbox 86 846 340 904; x_wconf 87' lang='lat' dir='ltr'>Frankrijk.</span> <span class='ocrx_word' id='word_1_44' title='bbox 368 847 427 890; x_wconf 91' lang='lat' dir='ltr'>De</span> <span class='ocrx_word' id='word_1_45' title='bbox 444 847 766 903; x_wconf 84' lang='lat' dir='ltr'>godgeleerden</span> <span class='ocrx_word' id='word_1_46' title='bbox 789 847 866 890; x_wconf 85' lang='lat' dir='ltr'>der</span> <span class='ocrx_word' id='word_1_47' title='bbox 898 847 1123 904; x_wconf 86' lang='lat' dir='ltr'>Parijsche</span> <span class='ocrx_word' id='word_1_48' title='bbox 1157 847 1453 903; x_wconf 87' lang='lat' dir='ltr'>hoogeschool</span> <span class='ocrx_word' id='word_1_49' title='bbox 1475 847 1730 891; x_wconf 86' lang='lat' dir='ltr'>bekwamen</span> 
     </span>
     <span class='ocr_line' id='line_1_8' title="bbox 88 918 1731 976; baseline 0.001 -14"><span class='ocrx_word' id='word_1_50' title='bbox 88 931 173 962; x_wconf 87' lang='lat' dir='ltr'>van</span> <span class='ocrx_word' id='word_1_51' title='bbox 191 919 275 962; x_wconf 91' lang='lat' dir='ltr'>den</span> <span class='ocrx_word' id='word_1_52' title='bbox 300 919 480 975; x_wconf 87' lang='lat' dir='ltr'>koning,</span> <span class='ocrx_word' id='word_1_53' title='bbox 508 919 582 962; x_wconf 86' lang='lat' dir='ltr'>dat</span> <span class='ocrx_word' id='word_1_54' title='bbox 606 919 665 976; x_wconf 88' lang='lat' dir='ltr'>hij</span> <span class='ocrx_word' id='word_1_55' title='bbox 692 920 744 962; x_wconf 90' lang='lat' dir='ltr'>de</span> <span class='ocrx_word' id='word_1_56' title='bbox 776 919 1034 962; x_wconf 85' lang='lat' dir='ltr'>Geeselaars</span> <span class='ocrx_word' id='word_1_57' title='bbox 1068 919 1132 963; x_wconf 90' lang='lat' dir='ltr'>uit</span> <span class='ocrx_word' id='word_1_58' title='bbox 1165 919 1252 976; x_wconf 84' lang='lat' dir='ltr'>zijn</span> <span class='ocrx_word' id='word_1_59' title='bbox 1276 918 1534 976; x_wconf 88' lang='lat' dir='ltr'>koninkrijk</span> <span class='ocrx_word' id='word_1_60' title='bbox 1557 920 1731 964; x_wconf 88' lang='lat' dir='ltr'>houden</span> 
     </span>
     <span class='ocr_line' id='line_1_9' title="bbox 86 988 1730 1046; baseline 0.001 -15"><span class='ocrx_word' id='word_1_61' title='bbox 86 1002 180 1032; x_wconf 88' lang='lat' dir='ltr'>zou.</span> <span class='ocrx_word' id='word_1_62' title='bbox 219 989 279 1045; x_wconf 86' lang='lat' dir='ltr'>Zij</span> <span class='ocrx_word' id='word_1_63' title='bbox 317 988 481 1031; x_wconf 90' lang='lat' dir='ltr'>zonden</span> <span class='ocrx_word' id='word_1_64' title='bbox 507 988 589 1031; x_wconf 88' lang='lat' dir='ltr'>ook</span> <span class='ocrx_word' id='word_1_65' title='bbox 623 988 761 1031; x_wconf 90' lang='lat' dir='ltr'>boden</span> <span class='ocrx_word' id='word_1_66' title='bbox 785 1003 868 1032; x_wconf 86' lang='lat' dir='ltr'>aan</span> <span class='ocrx_word' id='word_1_67' title='bbox 892 988 972 1031; x_wconf 89' lang='lat' dir='ltr'>den</span> <span class='ocrx_word' id='word_1_68' title='bbox 998 1003 1123 1045; x_wconf 89' lang='lat' dir='ltr'>paus,</span> <span class='ocrx_word' id='word_1_69' title='bbox 1149 989 1232 1039; x_wconf 92' lang='lat' dir='ltr'>die,</span> <span class='ocrx_word' id='word_1_70' title='bbox 1262 1002 1314 1044; x_wconf 94' lang='lat' dir='ltr'>op</span> <span class='ocrx_word' id='word_1_71' title='bbox 1349 989 1426 1032; x_wconf 89' lang='lat' dir='ltr'>het</span> <span class='ocrx_word' id='word_1_72' title='bbox 1457 989 1730 1046; x_wconf 85' lang='lat' dir='ltr'>aandringen</span> 
     </span>
     <span class='ocr_line' id='line_1_10' title="bbox 83 1057 1728 1115; baseline 0.002 -15"><span class='ocrx_word' id='word_1_73' title='bbox 83 1057 161 1100; x_wconf 90' lang='lat' dir='ltr'>der</span> <span class='ocrx_word' id='word_1_74' title='bbox 180 1058 493 1114; x_wconf 84' lang='lat' dir='ltr'>Hoogeschool,</span> <span class='ocrx_word' id='word_1_75' title='bbox 516 1057 568 1100; x_wconf 94' lang='lat' dir='ltr'>de</span> <span class='ocrx_word' id='word_1_76' title='bbox 589 1057 847 1101; x_wconf 87' lang='lat' dir='ltr'>Geeselaars</span> <span class='ocrx_word' id='word_1_77' title='bbox 880 1057 1206 1101; x_wconf 80' lang='lat' dir='ltr'>veroordeelde.</span> <span class='ocrx_word' id='word_1_78' title='bbox 1234 1059 1293 1101; x_wconf 89' lang='lat' dir='ltr'>Te</span> <span class='ocrx_word' id='word_1_79' title='bbox 1314 1059 1441 1102; x_wconf 98' lang='lat' dir='ltr'>recht</span> <span class='ocrx_word' id='word_1_80' title='bbox 1465 1059 1728 1115; x_wconf 87' lang='lat' dir='ltr'>geschiedde</span> 
     </span>
     <span class='ocr_line' id='line_1_11' title="bbox 85 1126 1730 1185; baseline 0.002 -16"><span class='ocrx_word' id='word_1_81' title='bbox 85 1126 163 1178; x_wconf 85' lang='lat' dir='ltr'>dit,</span> <span class='ocrx_word' id='word_1_82' title='bbox 187 1127 291 1170; x_wconf 86' lang='lat' dir='ltr'>daar</span> <span class='ocrx_word' id='word_1_83' title='bbox 313 1127 365 1184; x_wconf 88' lang='lat' dir='ltr'>zij</span> <span class='ocrx_word' id='word_1_84' title='bbox 405 1126 501 1169; x_wconf 86' lang='lat' dir='ltr'>veel</span> <span class='ocrx_word' id='word_1_85' title='bbox 525 1126 756 1183; x_wconf 86' lang='lat' dir='ltr'>ketterijen</span> <span class='ocrx_word' id='word_1_86' title='bbox 791 1127 1138 1171; x_wconf 84' lang='lat' dir='ltr'>rondstrooiden.</span> <span class='ocrx_word' id='word_1_87' title='bbox 1176 1127 1236 1170; x_wconf 91' lang='lat' dir='ltr'>De</span> <span class='ocrx_word' id='word_1_88' title='bbox 1268 1127 1556 1185; x_wconf 78' lang='lat' dir='ltr'>geesteliJ’ken</span> <span class='ocrx_word' id='word_1_89' title='bbox 1592 1129 1730 1172; x_wconf 89' lang='lat' dir='ltr'>onder</span> 
     </span>
     <span class='ocr_line' id='line_1_12' title="bbox 84 1195 1730 1254; baseline 0.002 -15"><span class='ocrx_word' id='word_1_90' title='bbox 84 1195 170 1240; x_wconf 92' lang='lat' dir='ltr'>hen</span> <span class='ocrx_word' id='word_1_91' title='bbox 195 1195 526 1252; x_wconf 86' lang='lat' dir='ltr'>onderwierpen</span> <span class='ocrx_word' id='word_1_92' title='bbox 551 1196 646 1239; x_wconf 88' lang='lat' dir='ltr'>zich</span> <span class='ocrx_word' id='word_1_93' title='bbox 665 1210 717 1239; x_wconf 91' lang='lat' dir='ltr'>en</span> <span class='ocrx_word' id='word_1_94' title='bbox 739 1195 995 1240; x_wconf 87' lang='lat' dir='ltr'>bekwamen</span> <span class='ocrx_word' id='word_1_95' title='bbox 1019 1195 1273 1253; x_wconf 84' lang='lat' dir='ltr'>vergiffenis</span> <span class='ocrx_word' id='word_1_96' title='bbox 1295 1197 1338 1240; x_wconf 90' lang='lat' dir='ltr'>in</span> <span class='ocrx_word' id='word_1_97' title='bbox 1362 1197 1393 1239; x_wconf 87' lang='lat' dir='ltr'>&#39;s</span> <span class='ocrx_word' id='word_1_98' title='bbox 1417 1211 1582 1254; x_wconf 88' lang='lat' dir='ltr'>pausen</span> <span class='ocrx_word' id='word_1_99' title='bbox 1601 1212 1730 1242; x_wconf 89' lang='lat' dir='ltr'>naam</span> 
     </span>
     <span class='ocr_line' id='line_1_13' title="bbox 84 1265 1726 1322; baseline 0.003 -15"><span class='ocrx_word' id='word_1_100' title='bbox 84 1279 168 1308; x_wconf 87' lang='lat' dir='ltr'>van</span> <span class='ocrx_word' id='word_1_101' title='bbox 192 1266 341 1309; x_wconf 90' lang='lat' dir='ltr'>hunne</span> <span class='ocrx_word' id='word_1_102' title='bbox 363 1265 578 1322; x_wconf 86' lang='lat' dir='ltr'>prelaten.</span> <span class='ocrx_word' id='word_1_103' title='bbox 607 1266 714 1309; x_wconf 91' lang='lat' dir='ltr'>Veel</span> <span class='ocrx_word' id='word_1_104' title='bbox 738 1279 951 1309; x_wconf 90' lang='lat' dir='ltr'>vrouwen</span> <span class='ocrx_word' id='word_1_105' title='bbox 975 1279 1130 1309; x_wconf 87' lang='lat' dir='ltr'>namen</span> <span class='ocrx_word' id='word_1_106' title='bbox 1154 1266 1236 1309; x_wconf 90' lang='lat' dir='ltr'>ook</span> <span class='ocrx_word' id='word_1_107' title='bbox 1260 1266 1353 1310; x_wconf 90' lang='lat' dir='ltr'>deel</span> <span class='ocrx_word' id='word_1_108' title='bbox 1378 1281 1461 1310; x_wconf 88' lang='lat' dir='ltr'>aan</span> <span class='ocrx_word' id='word_1_109' title='bbox 1495 1267 1547 1311; x_wconf 90' lang='lat' dir='ltr'>de</span> <span class='ocrx_word' id='word_1_110' title='bbox 1580 1267 1726 1312; x_wconf 89' lang='lat' dir='ltr'>bewe-</span> 
     </span>
     <span class='ocr_line' id='line_1_14' title="bbox 84 1334 995 1391; baseline 0 -14"><span class='ocrx_word' id='word_1_111' title='bbox 84 1334 205 1391; x_wconf 85' lang='lat' dir='ltr'>ging,</span> <span class='ocrx_word' id='word_1_112' title='bbox 240 1334 309 1378; x_wconf 89' lang='lat' dir='ltr'>die</span> <span class='ocrx_word' id='word_1_113' title='bbox 341 1335 521 1391; x_wconf 87' lang='lat' dir='ltr'>spoedig</span> <span class='ocrx_word' id='word_1_114' title='bbox 549 1335 822 1379; x_wconf 86' lang='lat' dir='ltr'>onderdrukt</span> <span class='ocrx_word' id='word_1_115' title='bbox 856 1335 995 1378; x_wconf 87' lang='lat' dir='ltr'>werd.</span> 
     </span>
    </p>
   </div>
   <div class='ocr_carea' id='block_1_4' title="bbox 74 1417 1732 3072">
    <p class='ocr_par' dir='ltr' id='par_1_4' title="bbox 81 1417 1732 2005">
     <span class='ocr_line' id='line_1_15' title="bbox 130 1417 1727 1460; baseline 0.001 -10"><span class='ocrx_word' id='word_1_116' title='bbox 130 1418 238 1450; x_wconf 91' lang='lat' dir='ltr'>Anno</span> <span class='ocrx_word' id='word_1_117' title='bbox 257 1417 512 1457; x_wconf 74' lang='lat' dir='ltr'>Domini1349,</span> <span class='ocrx_word' id='word_1_118' title='bbox 529 1418 689 1451; x_wconf 81' lang='lat' dir='ltr'>durante</span> <span class='ocrx_word' id='word_1_119' title='bbox 707 1418 829 1451; x_wconf 89' lang='lat' dir='ltr'>adhuc</span> <span class='ocrx_word' id='word_1_120' title='bbox 840 1419 1034 1460; x_wconf 87' lang='lat' dir='ltr'>praedicta</span> <span class='ocrx_word' id='word_1_121' title='bbox 1050 1418 1283 1453; x_wconf 76' lang='lat' dir='ltr'>mortalitate</span> <span class='ocrx_word' id='word_1_122' title='bbox 1301 1420 1398 1453; x_wconf 88' lang='lat' dir='ltr'>etde</span> <span class='ocrx_word' id='word_1_123' title='bbox 1426 1419 1517 1453; x_wconf 90' lang='lat' dir='ltr'>villa</span> <span class='ocrx_word' id='word_1_124' title='bbox 1534 1420 1572 1452; x_wconf 91' lang='lat' dir='ltr'>in</span> <span class='ocrx_word' id='word_1_125' title='bbox 1598 1419 1727 1453; x_wconf 89' lang='lat' dir='ltr'>villam</span> 
     </span>
     <span class='ocr_line' id='line_1_16' title="bbox 84 1472 1725 1516; baseline 0.001 -10"><span class='ocrx_word' id='word_1_126' title='bbox 84 1473 244 1506; x_wconf 85' lang='lat' dir='ltr'>ulterius</span> <span class='ocrx_word' id='word_1_127' title='bbox 258 1474 498 1515; x_wconf 80' lang='lat' dir='ltr'>procedente,</span> <span class='ocrx_word' id='word_1_128' title='bbox 517 1475 765 1507; x_wconf 77' lang='lat' dir='ltr'>surrexerunt</span> <span class='ocrx_word' id='word_1_129' title='bbox 781 1472 891 1506; x_wconf 90' lang='lat' dir='ltr'>multi</span> <span class='ocrx_word' id='word_1_130' title='bbox 904 1473 975 1505; x_wconf 91' lang='lat' dir='ltr'>viri</span> <span class='ocrx_word' id='word_1_131' title='bbox 993 1473 1039 1506; x_wconf 91' lang='lat' dir='ltr'>de</span> <span class='ocrx_word' id='word_1_132' title='bbox 1052 1472 1278 1515; x_wconf 88' lang='lat' dir='ltr'>Allemania,</span> <span class='ocrx_word' id='word_1_133' title='bbox 1293 1474 1338 1507; x_wconf 90' lang='lat' dir='ltr'>de</span> <span class='ocrx_word' id='word_1_134' title='bbox 1354 1474 1546 1516; x_wconf 86' lang='lat' dir='ltr'>Flandria,</span> <span class='ocrx_word' id='word_1_135' title='bbox 1561 1474 1607 1507; x_wconf 88' lang='lat' dir='ltr'>de</span> <span class='ocrx_word' id='word_1_136' title='bbox 1625 1474 1725 1507; x_wconf 89' lang='lat' dir='ltr'>Han-</span> 
     </span>
     <span class='ocr_line' id='line_1_17' title="bbox 85 1529 1731 1572; baseline 0.001 -12"><span class='ocrx_word' id='word_1_137' title='bbox 85 1530 198 1562; x_wconf 89' lang='lat' dir='ltr'>nonia</span> <span class='ocrx_word' id='word_1_138' title='bbox 222 1531 260 1563; x_wconf 87' lang='lat' dir='ltr'>et</span> <span class='ocrx_word' id='word_1_139' title='bbox 282 1530 328 1563; x_wconf 89' lang='lat' dir='ltr'>de</span> <span class='ocrx_word' id='word_1_140' title='bbox 354 1529 604 1572; x_wconf 83' lang='lat' dir='ltr'>Lotharingia</span> <span class='ocrx_word' id='word_1_141' title='bbox 628 1538 763 1562; x_wconf 87' lang='lat' dir='ltr'>novam</span> <span class='ocrx_word' id='word_1_142' title='bbox 787 1530 930 1563; x_wconf 89' lang='lat' dir='ltr'>sectam</span> <span class='ocrx_word' id='word_1_143' title='bbox 955 1530 1181 1562; x_wconf 87' lang='lat' dir='ltr'>auctoritate</span> <span class='ocrx_word' id='word_1_144' title='bbox 1205 1530 1361 1571; x_wconf 86' lang='lat' dir='ltr'>propria</span> <span class='ocrx_word' id='word_1_145' title='bbox 1385 1529 1606 1562; x_wconf 78' lang='lat' dir='ltr'>inchoantes</span> <span class='ocrx_word' id='word_1_146' title='bbox 1623 1540 1629 1561; x_wconf 74' lang='grc' dir='ltr'><em>ι</em></span> <span class='ocrx_word' id='word_1_147' title='bbox 1646 1539 1731 1562; x_wconf 88' lang='lat' dir='ltr'>nam</span> 
     </span>
     <span class='ocr_line' id='line_1_18' title="bbox 85 1584 1732 1627; baseline -0.001 -9"><span class='ocrx_word' id='word_1_148' title='bbox 85 1585 263 1618; x_wconf 89' lang='lat' dir='ltr'>denudati</span> <span class='ocrx_word' id='word_1_149' title='bbox 277 1586 315 1617; x_wconf 90' lang='lat' dir='ltr'>in</span> <span class='ocrx_word' id='word_1_150' title='bbox 333 1585 584 1618; x_wconf 78' lang='lat' dir='ltr'>femoralibus</span> <span class='ocrx_word' id='word_1_151' title='bbox 602 1594 671 1627; x_wconf 90' lang='lat' dir='ltr'>per</span> <span class='ocrx_word' id='word_1_152' title='bbox 689 1585 854 1627; x_wconf 87' lang='lat' dir='ltr'>hospitia</span> <span class='ocrx_word' id='word_1_153' title='bbox 871 1586 908 1618; x_wconf 88' lang='lat' dir='ltr'>et</span> <span class='ocrx_word' id='word_1_154' title='bbox 925 1584 1070 1626; x_wconf 80' lang='lat' dir='ltr'>plateas</span> <span class='ocrx_word' id='word_1_155' title='bbox 1088 1585 1284 1617; x_wconf 86' lang='lat' dir='ltr'>civitatum</span> <span class='ocrx_word' id='word_1_156' title='bbox 1299 1586 1337 1617; x_wconf 91' lang='lat' dir='ltr'>et</span> <span class='ocrx_word' id='word_1_157' title='bbox 1354 1585 1538 1618; x_wconf 86' lang='lat' dir='ltr'>bonarum</span> <span class='ocrx_word' id='word_1_158' title='bbox 1555 1584 1732 1618; x_wconf 88' lang='lat' dir='ltr'>villarum</span> 
     </span>
     <span class='ocr_line' id='line_1_19' title="bbox 84 1640 1730 1683; baseline 0 -11"><span class='ocrx_word' id='word_1_159' title='bbox 84 1650 168 1673; x_wconf 91' lang='lat' dir='ltr'>cum</span> <span class='ocrx_word' id='word_1_160' title='bbox 182 1641 330 1683; x_wconf 85' lang='lat' dir='ltr'>magnis</span> <span class='ocrx_word' id='word_1_161' title='bbox 346 1641 591 1673; x_wconf 82' lang='lat' dir='ltr'>societatibus</span> <span class='ocrx_word' id='word_1_162' title='bbox 609 1642 647 1674; x_wconf 89' lang='lat' dir='ltr'>et</span> <span class='ocrx_word' id='word_1_163' title='bbox 666 1641 800 1673; x_wconf 89' lang='lat' dir='ltr'>turmis</span> <span class='ocrx_word' id='word_1_164' title='bbox 817 1641 1043 1673; x_wconf 86' lang='lat' dir='ltr'>incedebant</span> <span class='ocrx_word' id='word_1_165' title='bbox 1063 1640 1166 1680; x_wconf 76' lang='lat' dir='ltr'>nudi,</span> <span class='ocrx_word' id='word_1_166' title='bbox 1184 1649 1269 1673; x_wconf 92' lang='lat' dir='ltr'>cum</span> <span class='ocrx_word' id='word_1_167' title='bbox 1288 1640 1452 1683; x_wconf 79' lang='lat' dir='ltr'>flagellis</span> <span class='ocrx_word' id='word_1_168' title='bbox 1470 1640 1730 1682; x_wconf 83' lang='lat' dir='ltr'>eonglobinati</span> 
     </span>
     <span class='ocr_line' id='line_1_20' title="bbox 83 1695 1731 1738; baseline -0.001 -10"><span class='ocrx_word' id='word_1_169' title='bbox 83 1695 416 1737; x_wconf 84' lang='lat' dir='ltr'>processionaliter</span> <span class='ocrx_word' id='word_1_170' title='bbox 438 1697 475 1728; x_wconf 91' lang='lat' dir='ltr'>et</span> <span class='ocrx_word' id='word_1_171' title='bbox 499 1695 739 1729; x_wconf 82' lang='lat' dir='ltr'>circulariter</span> <span class='ocrx_word' id='word_1_172' title='bbox 771 1705 809 1728; x_wconf 90' lang='lat' dir='ltr'>se</span> <span class='ocrx_word' id='word_1_173' title='bbox 827 1696 929 1738; x_wconf 90' lang='lat' dir='ltr'>ipsos</span> <span class='ocrx_word' id='word_1_174' title='bbox 954 1695 1096 1728; x_wconf 87' lang='lat' dir='ltr'>aculeis</span> <span class='ocrx_word' id='word_1_175' title='bbox 1114 1696 1328 1738; x_wconf 82' lang='lat' dir='ltr'>affligentes</span> <span class='ocrx_word' id='word_1_176' title='bbox 1358 1695 1557 1737; x_wconf 86' lang='lat' dir='ltr'>jubilando</span> <span class='ocrx_word' id='word_1_177' title='bbox 1576 1696 1731 1728; x_wconf 88' lang='lat' dir='ltr'>vocibus</span> 
     </span>
     <span class='ocr_line' id='line_1_21' title="bbox 82 1751 1730 1793; baseline 0 -10"><span class='ocrx_word' id='word_1_178' title='bbox 82 1751 254 1784; x_wconf 84' lang='lat' dir='ltr'>altisonis</span> <span class='ocrx_word' id='word_1_179' title='bbox 277 1753 315 1784; x_wconf 89' lang='lat' dir='ltr'>et</span> <span class='ocrx_word' id='word_1_180' title='bbox 339 1752 523 1784; x_wconf 88' lang='lat' dir='ltr'>cantando</span> <span class='ocrx_word' id='word_1_181' title='bbox 549 1751 757 1784; x_wconf 84' lang='lat' dir='ltr'>cantilenas</span> <span class='ocrx_word' id='word_1_182' title='bbox 781 1761 848 1784; x_wconf 89' lang='lat' dir='ltr'>suo</span> <span class='ocrx_word' id='word_1_183' title='bbox 873 1752 963 1784; x_wconf 88' lang='lat' dir='ltr'>ritui</span> <span class='ocrx_word' id='word_1_184' title='bbox 989 1753 1095 1793; x_wconf 86' lang='lat' dir='ltr'>aptas</span> <span class='ocrx_word' id='word_1_185' title='bbox 1121 1753 1159 1784; x_wconf 86' lang='lat' dir='ltr'>et</span> <span class='ocrx_word' id='word_1_186' title='bbox 1187 1751 1336 1783; x_wconf 84' lang='lat' dir='ltr'>noviter</span> <span class='ocrx_word' id='word_1_187' title='bbox 1361 1751 1603 1792; x_wconf 70' lang='lat' dir='ltr'>adinventasg</span> <span class='ocrx_word' id='word_1_188' title='bbox 1622 1753 1660 1784; x_wconf 88' lang='lat' dir='ltr'>et</span> <span class='ocrx_word' id='word_1_189' title='bbox 1676 1751 1730 1783; x_wconf 89' lang='lat' dir='ltr'>sic</span> 
     </span>
     <span class='ocr_line' id='line_1_22' title="bbox 81 1806 1730 1849; baseline -0.001 -10"><span class='ocrx_word' id='word_1_190' title='bbox 81 1809 348 1848; x_wconf 88' lang='lat' dir='ltr'>processerunt</span> <span class='ocrx_word' id='word_1_191' title='bbox 375 1817 444 1849; x_wconf 89' lang='lat' dir='ltr'>per</span> <span class='ocrx_word' id='word_1_192' title='bbox 467 1806 605 1840; x_wconf 87' lang='lat' dir='ltr'>multas</span> <span class='ocrx_word' id='word_1_193' title='bbox 638 1806 747 1840; x_wconf 87' lang='lat' dir='ltr'>villas</span> <span class='ocrx_word' id='word_1_194' title='bbox 772 1816 841 1849; x_wconf 91' lang='lat' dir='ltr'>per</span> <span class='ocrx_word' id='word_1_195' title='bbox 864 1807 1026 1849; x_wconf 84' lang='lat' dir='ltr'>triginta</span> <span class='ocrx_word' id='word_1_196' title='bbox 1058 1809 1135 1840; x_wconf 88' lang='lat' dir='ltr'>tres</span> <span class='ocrx_word' id='word_1_197' title='bbox 1159 1807 1253 1847; x_wconf 88' lang='lat' dir='ltr'>dies,</span> <span class='ocrx_word' id='word_1_198' title='bbox 1280 1815 1421 1849; x_wconf 80' lang='lat' dir='ltr'>magna</span> <span class='ocrx_word' id='word_1_199' title='bbox 1453 1806 1668 1849; x_wconf 82' lang='lat' dir='ltr'>spectacula</span> <span class='ocrx_word' id='word_1_200' title='bbox 1692 1807 1730 1838; x_wconf 90' lang='lat' dir='ltr'>in</span> 
     </span>
     <span class='ocr_line' id='line_1_23' title="bbox 81 1861 1730 1904; baseline 0 -10"><span class='ocrx_word' id='word_1_201' title='bbox 81 1861 230 1904; x_wconf 91' lang='lat' dir='ltr'>populis</span> <span class='ocrx_word' id='word_1_202' title='bbox 243 1862 516 1895; x_wconf 88' lang='lat' dir='ltr'>admirantibus</span> <span class='ocrx_word' id='word_1_203' title='bbox 534 1862 729 1901; x_wconf 81' lang='lat' dir='ltr'>facientes,</span> <span class='ocrx_word' id='word_1_204' title='bbox 747 1862 1018 1904; x_wconf 86' lang='lat' dir='ltr'>poenitentiam</span> <span class='ocrx_word' id='word_1_205' title='bbox 1036 1861 1151 1894; x_wconf 82' lang='lat' dir='ltr'>talem</span> <span class='ocrx_word' id='word_1_206' title='bbox 1169 1863 1339 1904; x_wconf 83' lang='lat' dir='ltr'>agentes,</span> <span class='ocrx_word' id='word_1_207' title='bbox 1352 1870 1391 1894; x_wconf 89' lang='lat' dir='ltr'>se</span> <span class='ocrx_word' id='word_1_208' title='bbox 1406 1862 1506 1903; x_wconf 87' lang='lat' dir='ltr'>ipsos</span> <span class='ocrx_word' id='word_1_209' title='bbox 1520 1871 1588 1903; x_wconf 86' lang='lat' dir='ltr'>per</span> <span class='ocrx_word' id='word_1_210' title='bbox 1605 1863 1730 1904; x_wconf 90' lang='lat' dir='ltr'>spatu-</span> 
     </span>
     <span class='ocr_line' id='line_1_24' title="bbox 82 1916 1729 1959; baseline 0.001 -11"><span class='ocrx_word' id='word_1_211' title='bbox 82 1916 136 1949; x_wconf 86' lang='lat' dir='ltr'>las</span> <span class='ocrx_word' id='word_1_212' title='bbox 154 1918 191 1949; x_wconf 90' lang='lat' dir='ltr'>et</span> <span class='ocrx_word' id='word_1_213' title='bbox 208 1917 385 1950; x_wconf 88' lang='lat' dir='ltr'>bracchia</span> <span class='ocrx_word' id='word_1_214' title='bbox 399 1916 562 1959; x_wconf 83' lang='lat' dir='ltr'>flagellis</span> <span class='ocrx_word' id='word_1_215' title='bbox 580 1916 763 1950; x_wconf 84' lang='lat' dir='ltr'>aculeatis</span> <span class='ocrx_word' id='word_1_216' title='bbox 780 1925 899 1958; x_wconf 83' lang='lat' dir='ltr'>usque</span> <span class='ocrx_word' id='word_1_217' title='bbox 917 1917 962 1950; x_wconf 88' lang='lat' dir='ltr'>ad</span> <span class='ocrx_word' id='word_1_218' title='bbox 980 1917 1178 1959; x_wconf 84' lang='lat' dir='ltr'>sanguinis</span> <span class='ocrx_word' id='word_1_219' title='bbox 1197 1916 1422 1949; x_wconf 83' lang='lat' dir='ltr'>effusionem</span> <span class='ocrx_word' id='word_1_220' title='bbox 1439 1917 1580 1949; x_wconf 89' lang='lat' dir='ltr'>acriter</span> <span class='ocrx_word' id='word_1_221' title='bbox 1595 1917 1729 1950; x_wconf 87' lang='lat' dir='ltr'>verbe-</span> 
     </span>
     <span class='ocr_line' id='line_1_25' title="bbox 83 1972 213 2005; baseline -0.008 0"><span class='ocrx_word' id='word_1_222' title='bbox 83 1972 213 2005; x_wconf 86' lang='lat' dir='ltr'>rando.</span> 
     </span>
    </p>

    <p class='ocr_par' dir='ltr' id='par_1_5' title="bbox 78 2027 1728 2571">
     <span class='ocr_line' id='line_1_26' title="bbox 126 2027 1728 2070; baseline 0.001 -10"><span class='ocrx_word' id='word_1_223' title='bbox 126 2028 296 2061; x_wconf 88' lang='lat' dir='ltr'>Parisius</span> <span class='ocrx_word' id='word_1_224' title='bbox 315 2030 439 2061; x_wconf 92' lang='lat' dir='ltr'>autem</span> <span class='ocrx_word' id='word_1_225' title='bbox 457 2038 530 2060; x_wconf 90' lang='lat' dir='ltr'>non</span> <span class='ocrx_word' id='word_1_226' title='bbox 548 2029 733 2061; x_wconf 84' lang='lat' dir='ltr'>venerunt</span> <span class='ocrx_word' id='word_1_227' title='bbox 751 2037 873 2070; x_wconf 85' lang='lat' dir='ltr'>neque</span> <span class='ocrx_word' id='word_1_228' title='bbox 891 2029 937 2061; x_wconf 90' lang='lat' dir='ltr'>ad</span> <span class='ocrx_word' id='word_1_229' title='bbox 951 2029 1077 2070; x_wconf 88' lang='lat' dir='ltr'>partes</span> <span class='ocrx_word' id='word_1_230' title='bbox 1095 2027 1310 2061; x_wconf 87' lang='lat' dir='ltr'>Gallicanas</span> <span class='ocrx_word' id='word_1_231' title='bbox 1323 2028 1507 2070; x_wconf 88' lang='lat' dir='ltr'>prohibiti</span> <span class='ocrx_word' id='word_1_232' title='bbox 1525 2037 1593 2070; x_wconf 88' lang='lat' dir='ltr'>per</span> <span class='ocrx_word' id='word_1_233' title='bbox 1610 2028 1728 2061; x_wconf 91' lang='lat' dir='ltr'>domi-</span> 
     </span>
     <span class='ocr_line' id='line_1_27' title="bbox 83 2083 1728 2126; baseline 0.001 -10"><span class='ocrx_word' id='word_1_234' title='bbox 83 2092 172 2116; x_wconf 90' lang='lat' dir='ltr'>num</span> <span class='ocrx_word' id='word_1_235' title='bbox 189 2092 320 2126; x_wconf 86' lang='lat' dir='ltr'>regem</span> <span class='ocrx_word' id='word_1_236' title='bbox 334 2084 529 2123; x_wconf 86' lang='lat' dir='ltr'>Franciae,</span> <span class='ocrx_word' id='word_1_237' title='bbox 540 2085 603 2125; x_wconf 87' lang='lat' dir='ltr'>qui</span> <span class='ocrx_word' id='word_1_238' title='bbox 619 2083 753 2123; x_wconf 88' lang='lat' dir='ltr'>noluit,</span> <span class='ocrx_word' id='word_1_239' title='bbox 769 2086 806 2117; x_wconf 88' lang='lat' dir='ltr'>et</span> <span class='ocrx_word' id='word_1_240' title='bbox 819 2084 890 2117; x_wconf 90' lang='lat' dir='ltr'>hoc</span> <span class='ocrx_word' id='word_1_241' title='bbox 900 2084 992 2117; x_wconf 75' lang='lat' dir='ltr'>fecit</span> <span class='ocrx_word' id='word_1_242' title='bbox 1008 2084 1054 2117; x_wconf 90' lang='lat' dir='ltr'>de</span> <span class='ocrx_word' id='word_1_243' title='bbox 1072 2083 1231 2116; x_wconf 86' lang='lat' dir='ltr'>consilio</span> <span class='ocrx_word' id='word_1_244' title='bbox 1247 2084 1519 2126; x_wconf 80' lang='lat' dir='ltr'>magistrorum</span> <span class='ocrx_word' id='word_1_245' title='bbox 1532 2084 1571 2116; x_wconf 92' lang='lat' dir='ltr'>in</span> <span class='ocrx_word' id='word_1_246' title='bbox 1585 2083 1728 2118; x_wconf 87' lang='lat' dir='ltr'>theolo-</span> 
     </span>
     <span class='ocr_line' id='line_1_28' title="bbox 81 2139 1728 2181; baseline 0.001 -10"><span class='ocrx_word' id='word_1_247' title='bbox 81 2139 146 2181; x_wconf 87' lang='lat' dir='ltr'>gia</span> <span class='ocrx_word' id='word_1_248' title='bbox 169 2139 427 2172; x_wconf 85' lang='lat' dir='ltr'>universitatis</span> <span class='ocrx_word' id='word_1_249' title='bbox 445 2140 686 2180; x_wconf 85' lang='lat' dir='ltr'>Parisiensis,</span> <span class='ocrx_word' id='word_1_250' title='bbox 714 2140 921 2172; x_wconf 86' lang='lat' dir='ltr'>dicentium</span> <span class='ocrx_word' id='word_1_251' title='bbox 954 2140 1053 2181; x_wconf 91' lang='lat' dir='ltr'>quod</span> <span class='ocrx_word' id='word_1_252' title='bbox 1086 2148 1183 2172; x_wconf 88' lang='lat' dir='ltr'>nova</span> <span class='ocrx_word' id='word_1_253' title='bbox 1211 2141 1313 2172; x_wconf 86' lang='lat' dir='ltr'>secta</span> <span class='ocrx_word' id='word_1_254' title='bbox 1345 2141 1427 2172; x_wconf 89' lang='lat' dir='ltr'>erat</span> <span class='ocrx_word' id='word_1_255' title='bbox 1452 2140 1585 2172; x_wconf 89' lang='lat' dir='ltr'>contra</span> <span class='ocrx_word' id='word_1_256' title='bbox 1609 2139 1728 2173; x_wconf 89' lang='lat' dir='ltr'>Deum</span> 
     </span>
     <span class='ocr_line' id='line_1_29' title="bbox 80 2193 1726 2235; baseline 0.001 -9"><span class='ocrx_word' id='word_1_257' title='bbox 80 2193 258 2227; x_wconf 89' lang='lat' dir='ltr'>inchoata</span> <span class='ocrx_word' id='word_1_258' title='bbox 282 2196 319 2227; x_wconf 90' lang='lat' dir='ltr'>et</span> <span class='ocrx_word' id='word_1_259' title='bbox 335 2195 468 2227; x_wconf 87' lang='lat' dir='ltr'>contra</span> <span class='ocrx_word' id='word_1_260' title='bbox 484 2195 646 2228; x_wconf 82' lang='lat' dir='ltr'>formam</span> <span class='ocrx_word' id='word_1_261' title='bbox 670 2196 822 2228; x_wconf 89' lang='lat' dir='ltr'>sanctae</span> <span class='ocrx_word' id='word_1_262' title='bbox 846 2195 980 2229; x_wconf 86' lang='lat' dir='ltr'>matris</span> <span class='ocrx_word' id='word_1_263' title='bbox 1006 2195 1212 2235; x_wconf 86' lang='lat' dir='ltr'>Ecclesiae,</span> <span class='ocrx_word' id='word_1_264' title='bbox 1238 2196 1276 2228; x_wconf 88' lang='lat' dir='ltr'>et</span> <span class='ocrx_word' id='word_1_265' title='bbox 1303 2196 1437 2228; x_wconf 89' lang='lat' dir='ltr'>contra</span> <span class='ocrx_word' id='word_1_266' title='bbox 1462 2194 1623 2228; x_wconf 88' lang='lat' dir='ltr'>salutem</span> <span class='ocrx_word' id='word_1_267' title='bbox 1647 2196 1726 2228; x_wconf 90' lang='lat' dir='ltr'>ani-</span> 
     </span>
     <span class='ocr_line' id='line_1_30' title="bbox 80 2251 1720 2293; baseline 0.001 -10"><span class='ocrx_word' id='word_1_268' title='bbox 80 2259 227 2284; x_wconf 90' lang='lat' dir='ltr'>marum</span> <span class='ocrx_word' id='word_1_269' title='bbox 241 2251 408 2283; x_wconf 90' lang='lat' dir='ltr'>omnium</span> <span class='ocrx_word' id='word_1_270' title='bbox 436 2252 617 2293; x_wconf 89' lang='lat' dir='ltr'>ipsorum,</span> <span class='ocrx_word' id='word_1_271' title='bbox 637 2251 734 2284; x_wconf 88' lang='lat' dir='ltr'>sieut</span> <span class='ocrx_word' id='word_1_272' title='bbox 751 2260 885 2284; x_wconf 90' lang='lat' dir='ltr'>revera</span> <span class='ocrx_word' id='word_1_273' title='bbox 908 2260 1040 2284; x_wconf 89' lang='lat' dir='ltr'>verum</span> <span class='ocrx_word' id='word_1_274' title='bbox 1065 2253 1121 2285; x_wconf 90' lang='lat' dir='ltr'>est</span> <span class='ocrx_word' id='word_1_275' title='bbox 1146 2252 1184 2284; x_wconf 92' lang='lat' dir='ltr'>et</span> <span class='ocrx_word' id='word_1_276' title='bbox 1200 2252 1294 2291; x_wconf 86' lang='lat' dir='ltr'>erat,</span> <span class='ocrx_word' id='word_1_277' title='bbox 1313 2252 1355 2284; x_wconf 92' lang='lat' dir='ltr'>ut</span> <span class='ocrx_word' id='word_1_278' title='bbox 1372 2251 1495 2293; x_wconf 87' lang='lat' dir='ltr'>patuit</span> <span class='ocrx_word' id='word_1_279' title='bbox 1518 2252 1610 2284; x_wconf 88' lang='lat' dir='ltr'>satis</span> <span class='ocrx_word' id='word_1_280' title='bbox 1634 2252 1720 2284; x_wconf 91' lang='lat' dir='ltr'>cito.</span> 
     </span>
     <span class='ocr_line' id='line_1_31' title="bbox 81 2306 1721 2350; baseline -0.001 -10"><span class='ocrx_word' id='word_1_281' title='bbox 81 2307 178 2340; x_wconf 90' lang='lat' dir='ltr'>Nam</span> <span class='ocrx_word' id='word_1_282' title='bbox 201 2307 375 2339; x_wconf 88' lang='lat' dir='ltr'>dominus</span> <span class='ocrx_word' id='word_1_283' title='bbox 392 2315 490 2349; x_wconf 90' lang='lat' dir='ltr'>papa</span> <span class='ocrx_word' id='word_1_284' title='bbox 507 2306 679 2341; x_wconf 88' lang='lat' dir='ltr'>Clemens</span> <span class='ocrx_word' id='word_1_285' title='bbox 696 2306 746 2339; x_wconf 91' lang='lat' dir='ltr'>VI</span> <span class='ocrx_word' id='word_1_286' title='bbox 778 2307 824 2340; x_wconf 92' lang='lat' dir='ltr'>de</span> <span class='ocrx_word' id='word_1_287' title='bbox 849 2307 920 2340; x_wconf 88' lang='lat' dir='ltr'>hoc</span> <span class='ocrx_word' id='word_1_288' title='bbox 948 2309 1051 2340; x_wconf 77' lang='lat' dir='ltr'>fatuo</span> <span class='ocrx_word' id='word_1_289' title='bbox 1071 2317 1165 2339; x_wconf 89' lang='lat' dir='ltr'>novo</span> <span class='ocrx_word' id='word_1_290' title='bbox 1191 2307 1266 2339; x_wconf 89' lang='lat' dir='ltr'>ritu</span> <span class='ocrx_word' id='word_1_291' title='bbox 1292 2315 1360 2348; x_wconf 89' lang='lat' dir='ltr'>per</span> <span class='ocrx_word' id='word_1_292' title='bbox 1390 2307 1592 2350; x_wconf 85' lang='lat' dir='ltr'>magistros</span> <span class='ocrx_word' id='word_1_293' title='bbox 1616 2307 1721 2340; x_wconf 89' lang='lat' dir='ltr'>Pari-</span> 
     </span>
     <span class='ocr_line' id='line_1_32' title="bbox 81 2362 1727 2404; baseline 0.001 -10"><span class='ocrx_word' id='word_1_294' title='bbox 81 2362 236 2402; x_wconf 90' lang='lat' dir='ltr'>sienses,</span> <span class='ocrx_word' id='word_1_295' title='bbox 256 2362 320 2403; x_wconf 89' lang='lat' dir='ltr'>qui</span> <span class='ocrx_word' id='word_1_296' title='bbox 346 2362 391 2395; x_wconf 88' lang='lat' dir='ltr'>ad</span> <span class='ocrx_word' id='word_1_297' title='bbox 421 2371 507 2395; x_wconf 89' lang='lat' dir='ltr'>eum</span> <span class='ocrx_word' id='word_1_298' title='bbox 538 2363 690 2395; x_wconf 90' lang='lat' dir='ltr'>nuntios</span> <span class='ocrx_word' id='word_1_299' title='bbox 713 2364 934 2396; x_wconf 86' lang='lat' dir='ltr'>reverenter</span> <span class='ocrx_word' id='word_1_300' title='bbox 965 2363 1159 2403; x_wconf 89' lang='lat' dir='ltr'>miserant,</span> <span class='ocrx_word' id='word_1_301' title='bbox 1189 2362 1362 2404; x_wconf 86' lang='lat' dir='ltr'>plenarie</span> <span class='ocrx_word' id='word_1_302' title='bbox 1382 2363 1622 2403; x_wconf 77' lang='lat' dir='ltr'>informatus,</span> <span class='ocrx_word' id='word_1_303' title='bbox 1641 2371 1727 2395; x_wconf 91' lang='lat' dir='ltr'>cum</span> 
     </span>
     <span class='ocr_line' id='line_1_33' title="bbox 79 2417 1724 2460; baseline 0.001 -10"><span class='ocrx_word' id='word_1_304' title='bbox 79 2419 177 2450; x_wconf 89' lang='lat' dir='ltr'>esset</span> <span class='ocrx_word' id='word_1_305' title='bbox 207 2420 339 2450; x_wconf 89' lang='lat' dir='ltr'>contra</span> <span class='ocrx_word' id='word_1_306' title='bbox 365 2418 451 2459; x_wconf 83' lang='lat' dir='ltr'>jura</span> <span class='ocrx_word' id='word_1_307' title='bbox 475 2417 742 2451; x_wconf 87' lang='lat' dir='ltr'>damnabiliter</span> <span class='ocrx_word' id='word_1_308' title='bbox 769 2419 984 2458; x_wconf 84' lang='lat' dir='ltr'>adinventa,</span> <span class='ocrx_word' id='word_1_309' title='bbox 1014 2427 1078 2451; x_wconf 89' lang='lat' dir='ltr'>eos</span> <span class='ocrx_word' id='word_1_310' title='bbox 1104 2417 1385 2460; x_wconf 77' lang='lat' dir='ltr'>Flagellatores</span> <span class='ocrx_word' id='word_1_311' title='bbox 1405 2419 1471 2451; x_wconf 86' lang='lat' dir='ltr'>sub</span> <span class='ocrx_word' id='word_1_312' title='bbox 1498 2419 1724 2451; x_wconf 89' lang='lat' dir='ltr'>auctoritate</span> 
     </span>
     <span class='ocr_line' id='line_1_34' title="bbox 78 2472 1724 2516; baseline 0.002 -12"><span class='ocrx_word' id='word_1_313' title='bbox 78 2472 273 2514; x_wconf 89' lang='lat' dir='ltr'>prohibuit</span> <span class='ocrx_word' id='word_1_314' title='bbox 290 2474 327 2506; x_wconf 91' lang='lat' dir='ltr'>et</span> <span class='ocrx_word' id='word_1_315' title='bbox 340 2473 535 2515; x_wconf 87' lang='lat' dir='ltr'>prohiberi</span> <span class='ocrx_word' id='word_1_316' title='bbox 554 2474 656 2512; x_wconf 73' lang='lat' dir='ltr'>fecit,</span> <span class='ocrx_word' id='word_1_317' title='bbox 677 2482 722 2506; x_wconf 91' lang='lat' dir='ltr'>ne</span> <span class='ocrx_word' id='word_1_318' title='bbox 740 2474 785 2507; x_wconf 91' lang='lat' dir='ltr'>de</span> <span class='ocrx_word' id='word_1_319' title='bbox 804 2475 955 2507; x_wconf 87' lang='lat' dir='ltr'>coetero</span> <span class='ocrx_word' id='word_1_320' title='bbox 973 2473 1068 2507; x_wconf 90' lang='lat' dir='ltr'>tales</span> <span class='ocrx_word' id='word_1_321' title='bbox 1085 2473 1255 2516; x_wconf 87' lang='lat' dir='ltr'>publicas</span> <span class='ocrx_word' id='word_1_322' title='bbox 1276 2474 1533 2516; x_wconf 86' lang='lat' dir='ltr'>poenitentias</span> <span class='ocrx_word' id='word_1_323' title='bbox 1551 2483 1573 2507; x_wconf 90' lang='lat' dir='ltr'>a</span> <span class='ocrx_word' id='word_1_324' title='bbox 1589 2474 1724 2516; x_wconf 90' lang='lat' dir='ltr'>seipsis</span> 
     </span>
     <span class='ocr_line' id='line_1_35' title="bbox 80 2529 1087 2571; baseline 0.001 -11"><span class='ocrx_word' id='word_1_325' title='bbox 80 2530 390 2570; x_wconf 86' lang='lat' dir='ltr'>praesumptuose</span> <span class='ocrx_word' id='word_1_326' title='bbox 419 2530 629 2570; x_wconf 89' lang='lat' dir='ltr'>assumptas</span> <span class='ocrx_word' id='word_1_327' title='bbox 659 2529 820 2571; x_wconf 86' lang='lat' dir='ltr'>amplius</span> <span class='ocrx_word' id='word_1_328' title='bbox 852 2531 1087 2563; x_wconf 79' lang='lat' dir='ltr'>exercerent.</span> 
     </span>
    </p>

    <p class='ocr_par' dir='ltr' id='par_1_6' title="bbox 74 2583 1723 3072">
     <span class='ocr_line' id='line_1_36' title="bbox 122 2583 1720 2627; baseline 0.001 -11"><span class='ocrx_word' id='word_1_329' title='bbox 122 2583 169 2616; x_wconf 87' lang='lat' dir='ltr'>Et</span> <span class='ocrx_word' id='word_1_330' title='bbox 192 2584 328 2617; x_wconf 90' lang='lat' dir='ltr'>merito</span> <span class='ocrx_word' id='word_1_331' title='bbox 346 2584 523 2624; x_wconf 80' lang='lat' dir='ltr'>inhibuit,</span> <span class='ocrx_word' id='word_1_332' title='bbox 543 2585 632 2625; x_wconf 85' lang='lat' dir='ltr'>quia</span> <span class='ocrx_word' id='word_1_333' title='bbox 646 2585 724 2626; x_wconf 72' lang='lat' dir='ltr'>Jam</span> <span class='ocrx_word' id='word_1_334' title='bbox 741 2585 984 2618; x_wconf 88' lang='lat' dir='ltr'>inveniebant</span> <span class='ocrx_word' id='word_1_335' title='bbox 1000 2585 1094 2618; x_wconf 89' lang='lat' dir='ltr'>tales</span> <span class='ocrx_word' id='word_1_336' title='bbox 1114 2584 1405 2627; x_wconf 80' lang='lat' dir='ltr'>Flagellatores‚</span> <span class='ocrx_word' id='word_1_337' title='bbox 1426 2584 1513 2617; x_wconf 78' lang='lat' dir='ltr'>fulti</span> <span class='ocrx_word' id='word_1_338' title='bbox 1532 2584 1720 2626; x_wconf 89' lang='lat' dir='ltr'>aliquibus</span> 
     </span>
     <span class='ocr_line' id='line_1_37' title="bbox 76 2636 1719 2683; baseline 0.002 -13"><span class='ocrx_word' id='word_1_339' title='bbox 76 2636 332 2672; x_wconf 86' lang='lat' dir='ltr'>sacerdotibus</span> <span class='ocrx_word' id='word_1_340' title='bbox 359 2640 474 2672; x_wconf 78' lang='lat' dir='ltr'>fatuis</span> <span class='ocrx_word' id='word_1_341' title='bbox 510 2641 547 2672; x_wconf 92' lang='lat' dir='ltr'>et</span> <span class='ocrx_word' id='word_1_342' title='bbox 572 2639 776 2682; x_wconf 84' lang='lat' dir='ltr'>religiosis,</span> <span class='ocrx_word' id='word_1_343' title='bbox 806 2641 926 2674; x_wconf 87' lang='lat' dir='ltr'>sectas</span> <span class='ocrx_word' id='word_1_344' title='bbox 955 2649 1134 2674; x_wconf 87' lang='lat' dir='ltr'>erroneas</span> <span class='ocrx_word' id='word_1_345' title='bbox 1159 2642 1196 2673; x_wconf 87' lang='lat' dir='ltr'>et</span> <span class='ocrx_word' id='word_1_346' title='bbox 1222 2640 1340 2673; x_wconf 90' lang='lat' dir='ltr'>malas</span> <span class='ocrx_word' id='word_1_347' title='bbox 1369 2642 1481 2682; x_wconf 86' lang='lat' dir='ltr'>atque</span> <span class='ocrx_word' id='word_1_348' title='bbox 1521 2641 1719 2683; x_wconf 91' lang='lat' dir='ltr'>opiniones</span> 
     </span>
     <span class='ocr_line' id='line_1_38' title="bbox 74 2693 1721 2739; baseline 0.002 -13"><span class='ocrx_word' id='word_1_349' title='bbox 74 2693 309 2736; x_wconf 88' lang='lat' dir='ltr'>deceptorias</span> <span class='ocrx_word' id='word_1_350' title='bbox 332 2694 433 2728; x_wconf 87' lang='lat' dir='ltr'>ultra</span> <span class='ocrx_word' id='word_1_351' title='bbox 457 2695 620 2727; x_wconf 90' lang='lat' dir='ltr'>modum.</span> <span class='ocrx_word' id='word_1_352' title='bbox 648 2695 744 2728; x_wconf 91' lang='lat' dir='ltr'>Nam</span> <span class='ocrx_word' id='word_1_353' title='bbox 761 2696 948 2736; x_wconf 88' lang='lat' dir='ltr'>dicebant,</span> <span class='ocrx_word' id='word_1_354' title='bbox 964 2696 1063 2738; x_wconf 89' lang='lat' dir='ltr'>quod</span> <span class='ocrx_word' id='word_1_355' title='bbox 1081 2705 1213 2729; x_wconf 82' lang='lat' dir='ltr'>corum</span> <span class='ocrx_word' id='word_1_356' title='bbox 1228 2697 1385 2738; x_wconf 82' lang='lat' dir='ltr'>sanguis</span> <span class='ocrx_word' id='word_1_357' title='bbox 1411 2697 1464 2729; x_wconf 89' lang='lat' dir='ltr'>sie</span> <span class='ocrx_word' id='word_1_358' title='bbox 1482 2705 1550 2738; x_wconf 89' lang='lat' dir='ltr'>per</span> <span class='ocrx_word' id='word_1_359' title='bbox 1569 2696 1721 2739; x_wconf 79' lang='lat' dir='ltr'>flagella</span> 
     </span>
     <span class='ocr_line' id='line_1_39' title="bbox 74 2750 1721 2794; baseline 0.001 -12"><span class='ocrx_word' id='word_1_360' title='bbox 74 2750 216 2782; x_wconf 84' lang='lat' dir='ltr'>tractus</span> <span class='ocrx_word' id='word_1_361' title='bbox 234 2752 271 2783; x_wconf 90' lang='lat' dir='ltr'>et</span> <span class='ocrx_word' id='word_1_362' title='bbox 289 2751 429 2783; x_wconf 83' lang='lat' dir='ltr'>effusus</span> <span class='ocrx_word' id='word_1_363' title='bbox 447 2760 531 2783; x_wconf 88' lang='lat' dir='ltr'>cum</span> <span class='ocrx_word' id='word_1_364' title='bbox 550 2750 688 2783; x_wconf 87' lang='lat' dir='ltr'>Christi</span> <span class='ocrx_word' id='word_1_365' title='bbox 707 2752 891 2794; x_wconf 82' lang='lat' dir='ltr'>sanguine</span> <span class='ocrx_word' id='word_1_366' title='bbox 909 2752 1152 2792; x_wconf 88' lang='lat' dir='ltr'>miscebatur,</span> <span class='ocrx_word' id='word_1_367' title='bbox 1171 2753 1209 2784; x_wconf 91' lang='lat' dir='ltr'>et</span> <span class='ocrx_word' id='word_1_368' title='bbox 1226 2751 1346 2784; x_wconf 86' lang='lat' dir='ltr'>multa</span> <span class='ocrx_word' id='word_1_369' title='bbox 1370 2751 1446 2784; x_wconf 87' lang='lat' dir='ltr'>alia</span> <span class='ocrx_word' id='word_1_370' title='bbox 1470 2761 1631 2785; x_wconf 87' lang='lat' dir='ltr'>erronea</span> <span class='ocrx_word' id='word_1_371' title='bbox 1643 2751 1721 2793; x_wconf 87' lang='lat' dir='ltr'>jam</span> 
     </span>
     <span class='ocr_line' id='line_1_40' title="bbox 75 2805 1722 2847; baseline 0.002 -11"><span class='ocrx_word' id='word_1_372' title='bbox 75 2805 365 2838; x_wconf 87' lang='lat' dir='ltr'>adinveniebant</span> <span class='ocrx_word' id='word_1_373' title='bbox 380 2807 418 2838; x_wconf 86' lang='lat' dir='ltr'>et</span> <span class='ocrx_word' id='word_1_374' title='bbox 437 2806 625 2845; x_wconf 87' lang='lat' dir='ltr'>dicebant,</span> <span class='ocrx_word' id='word_1_375' title='bbox 645 2807 743 2847; x_wconf 84' lang='lat' dir='ltr'>quod</span> <span class='ocrx_word' id='word_1_376' title='bbox 757 2807 879 2840; x_wconf 91' lang='lat' dir='ltr'>minus</span> <span class='ocrx_word' id='word_1_377' title='bbox 897 2808 992 2840; x_wconf 89' lang='lat' dir='ltr'>bene</span> <span class='ocrx_word' id='word_1_378' title='bbox 1009 2809 1046 2840; x_wconf 89' lang='lat' dir='ltr'>et</span> <span class='ocrx_word' id='word_1_379' title='bbox 1060 2807 1182 2839; x_wconf 91' lang='lat' dir='ltr'>minus</span> <span class='ocrx_word' id='word_1_380' title='bbox 1196 2816 1286 2840; x_wconf 90' lang='lat' dir='ltr'>sane</span> <span class='ocrx_word' id='word_1_381' title='bbox 1300 2807 1345 2840; x_wconf 88' lang='lat' dir='ltr'>ad</span> <span class='ocrx_word' id='word_1_382' title='bbox 1365 2807 1478 2840; x_wconf 88' lang='lat' dir='ltr'>fidem</span> <span class='ocrx_word' id='word_1_383' title='bbox 1496 2807 1722 2840; x_wconf 84' lang='lat' dir='ltr'>catholicam</span> 
     </span>
     <span class='ocr_line' id='line_1_41' title="bbox 77 2861 1723 2904; baseline 0.002 -12"><span class='ocrx_word' id='word_1_384' title='bbox 77 2861 283 2901; x_wconf 73' lang='lat' dir='ltr'>spectabat,</span> <span class='ocrx_word' id='word_1_385' title='bbox 309 2861 407 2893; x_wconf 88' lang='lat' dir='ltr'>unde</span> <span class='ocrx_word' id='word_1_386' title='bbox 433 2861 530 2893; x_wconf 88' lang='lat' dir='ltr'>sicut</span> <span class='ocrx_word' id='word_1_387' title='bbox 554 2870 575 2894; x_wconf 87' lang='lat' dir='ltr'>a</span> <span class='ocrx_word' id='word_1_388' title='bbox 599 2862 745 2903; x_wconf 83' lang='lat' dir='ltr'>seipsiS,</span> <span class='ocrx_word' id='word_1_389' title='bbox 771 2864 808 2895; x_wconf 86' lang='lat' dir='ltr'>et</span> <span class='ocrx_word' id='word_1_390' title='bbox 833 2872 906 2895; x_wconf 91' lang='lat' dir='ltr'>non</span> <span class='ocrx_word' id='word_1_391' title='bbox 927 2871 948 2895; x_wconf 89' lang='lat' dir='ltr'>a</span> <span class='ocrx_word' id='word_1_392' title='bbox 974 2863 1065 2902; x_wconf 77' lang='lat' dir='ltr'>Deo,</span> <span class='ocrx_word' id='word_1_393' title='bbox 1093 2863 1194 2895; x_wconf 85' lang='lat' dir='ltr'>fatue</span> <span class='ocrx_word' id='word_1_394' title='bbox 1227 2862 1479 2904; x_wconf 86' lang='lat' dir='ltr'>incoeperunt</span> <span class='ocrx_word' id='word_1_395' title='bbox 1500 2873 1508 2903; x_wconf 73' lang='grc' dir='ltr'><strong>ς</strong></span> <span class='ocrx_word' id='word_1_396' title='bbox 1528 2863 1582 2895; x_wconf 84' lang='lat' dir='ltr'>sie</span> <span class='ocrx_word' id='word_1_397' title='bbox 1607 2863 1723 2895; x_wconf 90' lang='lat' dir='ltr'>etiam</span> 
     </span>
     <span class='ocr_line' id='line_1_42' title="bbox 75 2917 1719 2961; baseline 0.002 -13"><span class='ocrx_word' id='word_1_398' title='bbox 75 2924 207 2948; x_wconf 84' lang='lat' dir='ltr'>eorum</span> <span class='ocrx_word' id='word_1_399' title='bbox 225 2918 327 2949; x_wconf 82' lang='lat' dir='ltr'>secta</span> <span class='ocrx_word' id='word_1_400' title='bbox 344 2918 379 2948; x_wconf 71' lang='lat' dir='ltr'>ot</span> <span class='ocrx_word' id='word_1_401' title='bbox 396 2917 491 2949; x_wconf 86' lang='lat' dir='ltr'>ritus</span> <span class='ocrx_word' id='word_1_402' title='bbox 510 2918 610 2950; x_wconf 77' lang='lat' dir='ltr'>infra</span> <span class='ocrx_word' id='word_1_403' title='bbox 629 2918 740 2950; x_wconf 88' lang='lat' dir='ltr'>breve</span> <span class='ocrx_word' id='word_1_404' title='bbox 765 2919 912 2960; x_wconf 84' lang='lat' dir='ltr'>tempus</span> <span class='ocrx_word' id='word_1_405' title='bbox 937 2919 982 2951; x_wconf 86' lang='lat' dir='ltr'>ad</span> <span class='ocrx_word' id='word_1_406' title='bbox 1002 2918 1162 2951; x_wconf 86' lang='lat' dir='ltr'>nihilum</span> <span class='ocrx_word' id='word_1_407' title='bbox 1181 2919 1324 2951; x_wconf 76' lang='lat' dir='ltr'>redacti</span> <span class='ocrx_word' id='word_1_408' title='bbox 1344 2921 1444 2959; x_wconf 80' lang='lat' dir='ltr'>sunt,</span> <span class='ocrx_word' id='word_1_409' title='bbox 1471 2920 1560 2961; x_wconf 84' lang='lat' dir='ltr'>quia</span> <span class='ocrx_word' id='word_1_410' title='bbox 1586 2920 1719 2951; x_wconf 90' lang='lat' dir='ltr'>moniti</span> 
     </span>
     <span class='ocr_line' id='line_1_43' title="bbox 79 2971 1715 3017; baseline 0.004 -15"><span class='ocrx_word' id='word_1_411' title='bbox 79 2971 318 3012; x_wconf 83' lang='lat' dir='ltr'>destiterunt,</span> <span class='ocrx_word' id='word_1_412' title='bbox 345 2971 620 3006; x_wconf 84' lang='lat' dir='ltr'>absolutionem</span> <span class='ocrx_word' id='word_1_413' title='bbox 644 2974 682 3005; x_wconf 87' lang='lat' dir='ltr'>et</span> <span class='ocrx_word' id='word_1_414' title='bbox 706 2975 978 3015; x_wconf 86' lang='lat' dir='ltr'>poenitentiam</span> <span class='ocrx_word' id='word_1_415' title='bbox 1009 2983 1031 3007; x_wconf 88' lang='lat' dir='ltr'>a</span> <span class='ocrx_word' id='word_1_416' title='bbox 1058 2975 1134 3007; x_wconf 87' lang='lat' dir='ltr'>suis</span> <span class='ocrx_word' id='word_1_417' title='bbox 1159 2973 1339 3017; x_wconf 85' lang='lat' dir='ltr'>praelatis</span> <span class='ocrx_word' id='word_1_418' title='bbox 1365 2984 1411 3009; x_wconf 82' lang='lat' dir='ltr'>ex</span> <span class='ocrx_word' id='word_1_419' title='bbox 1429 2976 1537 3017; x_wconf 87' lang='lat' dir='ltr'>parte</span> <span class='ocrx_word' id='word_1_420' title='bbox 1571 2976 1715 3008; x_wconf 87' lang='lat' dir='ltr'>domini</span> 
     </span>
     <span class='ocr_line' id='line_1_44' title="bbox 83 3027 1128 3072; baseline 0.003 -13"><span class='ocrx_word' id='word_1_421' title='bbox 83 3035 201 3068; x_wconf 86' lang='lat' dir='ltr'>papae</span> <span class='ocrx_word' id='word_1_422' title='bbox 219 3027 263 3058; x_wconf 77' lang='lat' dir='ltr'>de</span> <span class='ocrx_word' id='word_1_423' title='bbox 282 3027 494 3068; x_wconf 82' lang='lat' dir='ltr'>hujusmodi</span> <span class='ocrx_word' id='word_1_424' title='bbox 510 3038 639 3062; x_wconf 83' lang='lat' dir='ltr'>errore</span> <span class='ocrx_word' id='word_1_425' title='bbox 658 3028 854 3063; x_wconf 87' lang='lat' dir='ltr'>humiliter</span> <span class='ocrx_word' id='word_1_426' title='bbox 878 3031 1128 3072; x_wconf 77' lang='lat' dir='ltr'>acceptantes.</span> 
     </span>
    </p>
   </div>
  </div>
 </body>
</html>
