<?xml version="1.0" encoding="UTF-8"?>
<!DOCTYPE html PUBLIC "-//W3C//DTD XHTML 1.0 Transitional//EN"
    "http://www.w3.org/TR/xhtml1/DTD/xhtml1-transitional.dtd">
<html xmlns="http://www.w3.org/1999/xhtml" xml:lang="en" lang="en">
 <head>
  <title>
</title>
<meta http-equiv="Content-Type" content="text/html;charset=utf-8" />
  <meta name='ocr-system' content='tesseract 3.04.00' />
  <meta name='ocr-capabilities' content='ocr_page ocr_carea ocr_par ocr_line ocrx_word'/>
</head>
<body>
  <div class='ocr_page' id='page_1' title='image "./corpusdocumentor02fruoft_0274.png"; bbox 0 0 2050 3470; ppageno 0'>
   <div class='ocr_carea' id='block_1_1' title="bbox 297 304 1230 339">
    <p class='ocr_par' dir='ltr' id='par_1_1' title="bbox 297 304 1230 339">
     <span class='ocr_line' id='line_1_1' title="bbox 297 304 1230 339; baseline -0.003 0"><span class='ocrx_word' id='word_1_1' title='bbox 297 305 362 339; x_wconf 72' lang='lat'>‘244</span> <span class='ocrx_word' id='word_1_2' title='bbox 989 304 1120 338; x_wconf 83' lang='lat' dir='ltr'>ANNO</span> <span class='ocrx_word' id='word_1_3' title='bbox 1147 304 1230 337; x_wconf 68' lang='lat'>1422</span> 
     </span>
    </p>
   </div>
   <div class='ocr_carea' id='block_1_2' title="bbox 292 413 1927 750">
    <p class='ocr_par' dir='ltr' id='par_1_2' title="bbox 292 413 1927 750">
     <span class='ocr_line' id='line_1_2' title="bbox 297 413 1927 470; baseline 0 -10"><span class='ocrx_word' id='word_1_4' title='bbox 297 414 701 460; x_wconf 85' lang='lat' dir='ltr'>betrouwbaarheid</span> <span class='ocrx_word' id='word_1_5' title='bbox 727 427 809 457; x_wconf 89' lang='lat' dir='ltr'>van</span> <span class='ocrx_word' id='word_1_6' title='bbox 833 414 894 457; x_wconf 87' lang='lat' dir='ltr'>dit</span> <span class='ocrx_word' id='word_1_7' title='bbox 917 428 1016 458; x_wconf 90' lang='lat' dir='ltr'>zeer</span> <span class='ocrx_word' id='word_1_8' title='bbox 1036 413 1277 470; x_wconf 85' lang='lat' dir='ltr'>uitgebreid</span> <span class='ocrx_word' id='word_1_9' title='bbox 1301 414 1518 467; x_wconf 68' lang='lat' dir='ltr'>assem-ist,</span> <span class='ocrx_word' id='word_1_10' title='bbox 1536 415 1768 459; x_wconf 86' lang='lat' dir='ltr'>beslaande</span> <span class='ocrx_word' id='word_1_11' title='bbox 1788 430 1927 460; x_wconf 89' lang='lat' dir='ltr'>eenen</span> 
     </span>
     <span class='ocr_line' id='line_1_3' title="bbox 295 482 1925 539; baseline 0.001 -11"><span class='ocrx_word' id='word_1_12' title='bbox 295 485 452 529; x_wconf 90' lang='lat' dir='ltr'>bundel</span> <span class='ocrx_word' id='word_1_13' title='bbox 476 498 558 527; x_wconf 90' lang='lat' dir='ltr'>van</span> <span class='ocrx_word' id='word_1_14' title='bbox 583 484 776 526; x_wconf 87' lang='lat' dir='ltr'>veertien</span> <span class='ocrx_word' id='word_1_15' title='bbox 801 482 1113 538; x_wconf 82' lang='lat' dir='ltr'>perkamenten</span> <span class='ocrx_word' id='word_1_16' title='bbox 1142 483 1314 536; x_wconf 88' lang='lat' dir='ltr'>bladen‚</span> <span class='ocrx_word' id='word_1_17' title='bbox 1337 484 1479 528; x_wconf 84' lang='lat' dir='ltr'>werdt</span> <span class='ocrx_word' id='word_1_18' title='bbox 1497 484 1603 527; x_wconf 87' lang='lat' dir='ltr'>door</span> <span class='ocrx_word' id='word_1_19' title='bbox 1624 484 1706 528; x_wconf 89' lang='lat' dir='ltr'>den</span> <span class='ocrx_word' id='word_1_20' title='bbox 1725 485 1925 539; x_wconf 85' lang='lat' dir='ltr'>officiaal,</span> 
     </span>
     <span class='ocr_line' id='line_1_4' title="bbox 293 552 1927 610; baseline 0 -13"><span class='ocrx_word' id='word_1_21' title='bbox 293 554 397 597; x_wconf 88' lang='lat' dir='ltr'>door</span> <span class='ocrx_word' id='word_1_22' title='bbox 419 552 624 609; x_wconf 83' lang='lat' dir='ltr'>getuigen</span> <span class='ocrx_word' id='word_1_23' title='bbox 643 566 696 594; x_wconf 87' lang='lat' dir='ltr'>en</span> <span class='ocrx_word' id='word_1_24' title='bbox 715 552 819 594; x_wconf 88' lang='lat' dir='ltr'>door</span> <span class='ocrx_word' id='word_1_25' title='bbox 835 552 886 595; x_wconf 94' lang='lat' dir='ltr'>de</span> <span class='ocrx_word' id='word_1_26' title='bbox 902 552 996 594; x_wconf 87' lang='lat' dir='ltr'>vier</span> <span class='ocrx_word' id='word_1_27' title='bbox 1019 552 1103 595; x_wconf 92' lang='lat' dir='ltr'>ond</span> <span class='ocrx_word' id='word_1_28' title='bbox 1115 552 1435 608; x_wconf 84' lang='lat' dir='ltr'>ergeteekende</span> <span class='ocrx_word' id='word_1_29' title='bbox 1459 554 1704 597; x_wconf 78' lang='lat' dir='ltr'>notar-issen</span> <span class='ocrx_word' id='word_1_30' title='bbox 1727 567 1927 610; x_wconf 85' lang='lat' dir='ltr'>gewaar-</span> 
     </span>
     <span class='ocr_line' id='line_1_5' title="bbox 293 616 1926 678; baseline 0.001 -13"><span class='ocrx_word' id='word_1_31' title='bbox 293 622 443 678; x_wconf 83' lang='lat' dir='ltr'>borgd.</span> <span class='ocrx_word' id='word_1_32' title='bbox 466 622 569 677; x_wconf 89' lang='lat' dir='ltr'>(Den</span> <span class='ocrx_word' id='word_1_33' title='bbox 595 621 651 664; x_wconf 75' lang='lat'>22</span> <span class='ocrx_word' id='word_1_34' title='bbox 673 616 898 676; x_wconf 84' lang='lat' dir='ltr'>Augustus</span> <span class='ocrx_word' id='word_1_35' title='bbox 921 620 1035 663; x_wconf 80' lang='lat'>1422</span> <span class='ocrx_word' id='word_1_36' title='bbox 1057 621 1176 663; x_wconf 88' lang='lat' dir='ltr'>werd</span> <span class='ocrx_word' id='word_1_37' title='bbox 1195 634 1247 677; x_wconf 91' lang='lat' dir='ltr'>op</span> <span class='ocrx_word' id='word_1_38' title='bbox 1271 621 1417 664; x_wconf 83' lang='lat' dir='ltr'>nieuw</span> <span class='ocrx_word' id='word_1_39' title='bbox 1436 622 1513 665; x_wconf 91' lang='lat' dir='ltr'>het</span> <span class='ocrx_word' id='word_1_40' title='bbox 1535 621 1739 665; x_wconf 83' lang='lat' dir='ltr'>asschrift</span> <span class='ocrx_word' id='word_1_41' title='bbox 1762 626 1850 666; x_wconf 90' lang='lat' dir='ltr'>met</span> <span class='ocrx_word' id='word_1_42' title='bbox 1873 623 1926 666; x_wconf 91' lang='lat' dir='ltr'>de</span> 
     </span>
     <span class='ocr_line' id='line_1_6' title="bbox 292 689 1721 750; baseline 0.001 -17"><span class='ocrx_word' id='word_1_43' title='bbox 292 689 666 747; x_wconf 85' lang='lat' dir='ltr'>oorspronkelijke</span> <span class='ocrx_word' id='word_1_44' title='bbox 690 689 880 732; x_wconf 87' lang='lat' dir='ltr'>stukken</span> <span class='ocrx_word' id='word_1_45' title='bbox 904 690 1168 745; x_wconf 86' lang='lat' dir='ltr'>vergeleken</span> <span class='ocrx_word' id='word_1_46' title='bbox 1189 704 1242 733; x_wconf 92' lang='lat' dir='ltr'>en</span> <span class='ocrx_word' id='word_1_47' title='bbox 1262 690 1307 732; x_wconf 93' lang='lat' dir='ltr'>in</span> <span class='ocrx_word' id='word_1_48' title='bbox 1331 690 1434 733; x_wconf 89' lang='lat' dir='ltr'>orde</span> <span class='ocrx_word' id='word_1_49' title='bbox 1458 690 1721 750; x_wconf 89' lang='lat' dir='ltr'>bevonden).</span> 
     </span>
    </p>
   </div>
   <div class='ocr_carea' id='block_1_3' title="bbox 280 791 1926 3039">
    <p class='ocr_par' dir='ltr' id='par_1_3' title="bbox 290 791 1926 886">
     <span class='ocr_line' id='line_1_7' title="bbox 334 791 1926 836; baseline 0 -10"><span class='ocrx_word' id='word_1_50' title='bbox 334 791 530 826; x_wconf 87' lang='lat' dir='ltr'>Uniuersis</span> <span class='ocrx_word' id='word_1_51' title='bbox 547 799 701 833; x_wconf 79' lang='lat' dir='ltr'>presens</span> <span class='ocrx_word' id='word_1_52' title='bbox 715 791 990 833; x_wconf 78' lang='lat' dir='ltr'>transumptum</span> <span class='ocrx_word' id='word_1_53' title='bbox 1008 800 1073 825; x_wconf 89' lang='lat' dir='ltr'>seu</span> <span class='ocrx_word' id='word_1_54' title='bbox 1087 800 1242 833; x_wconf 75' lang='lat' dir='ltr'>presens</span> <span class='ocrx_word' id='word_1_55' title='bbox 1259 791 1452 834; x_wconf 84' lang='lat' dir='ltr'>publicum</span> <span class='ocrx_word' id='word_1_56' title='bbox 1470 792 1763 826; x_wconf 81' lang='lat' dir='ltr'>instrumentum</span> <span class='ocrx_word' id='word_1_57' title='bbox 1779 792 1926 836; x_wconf 87' lang='lat' dir='ltr'>inspec-</span> 
     </span>
     <span class='ocr_line' id='line_1_8' title="bbox 290 845 1705 886; baseline -0.001 -5"><span class='ocrx_word' id='word_1_58' title='bbox 290 849 384 881; x_wconf 81' lang='lat' dir='ltr'>turis</span> <span class='ocrx_word' id='word_1_59' title='bbox 402 845 575 879; x_wconf 81' lang='lat' dir='ltr'>officialis</span> <span class='ocrx_word' id='word_1_60' title='bbox 589 846 851 886; x_wconf 76' lang='lat' dir='ltr'>Tornaeensis,</span> <span class='ocrx_word' id='word_1_61' title='bbox 867 846 1027 879; x_wconf 85' lang='lat' dir='ltr'>salutem</span> <span class='ocrx_word' id='word_1_62' title='bbox 1044 847 1083 879; x_wconf 91' lang='lat' dir='ltr'>in</span> <span class='ocrx_word' id='word_1_63' title='bbox 1096 847 1256 879; x_wconf 90' lang='lat' dir='ltr'>Domino</span> <span class='ocrx_word' id='word_1_64' title='bbox 1271 857 1355 880; x_wconf 91' lang='lat' dir='ltr'>cum</span> <span class='ocrx_word' id='word_1_65' title='bbox 1373 848 1508 880; x_wconf 84' lang='lat' dir='ltr'>notitia</span> <span class='ocrx_word' id='word_1_66' title='bbox 1523 848 1705 881; x_wconf 88' lang='lat' dir='ltr'>veritatis.</span> 
     </span>
    </p>

    <p class='ocr_par' dir='ltr' id='par_1_4' title="bbox 280 897 1924 3039">
     <span class='ocr_line' id='line_1_9' title="bbox 333 897 1924 943; baseline 0.001 -8"><span class='ocrx_word' id='word_1_67' title='bbox 333 902 517 941; x_wconf 79' lang='lat' dir='ltr'>Quoniam</span> <span class='ocrx_word' id='word_1_68' title='bbox 556 901 659 943; x_wconf 89' lang='lat' dir='ltr'>pium</span> <span class='ocrx_word' id='word_1_69' title='bbox 697 901 754 934; x_wconf 84' lang='lat' dir='ltr'>est</span> <span class='ocrx_word' id='word_1_70' title='bbox 789 902 940 942; x_wconf 61' lang='lat' dir='ltr'>‚iurique</span> <span class='ocrx_word' id='word_1_71' title='bbox 980 902 1018 934; x_wconf 91' lang='lat' dir='ltr'>et</span> <span class='ocrx_word' id='word_1_72' title='bbox 1055 902 1201 934; x_wconf 86' lang='lat' dir='ltr'>raeioni</span> <span class='ocrx_word' id='word_1_73' title='bbox 1239 912 1446 935; x_wconf 83' lang='lat' dir='ltr'>consonum</span> <span class='ocrx_word' id='word_1_74' title='bbox 1478 902 1631 935; x_wconf 88' lang='lat' dir='ltr'>veritati</span> <span class='ocrx_word' id='word_1_75' title='bbox 1666 897 1924 936; x_wconf 86' lang='lat' dir='ltr'>testimonium</span> 
     </span>
     <span class='ocr_line' id='line_1_10' title="bbox 287 956 1924 1000; baseline 0 -10"><span class='ocrx_word' id='word_1_76' title='bbox 287 958 502 1000; x_wconf 88' lang='lat' dir='ltr'>perhibere,</span> <span class='ocrx_word' id='word_1_77' title='bbox 531 958 660 989; x_wconf 86' lang='lat' dir='ltr'>notum</span> <span class='ocrx_word' id='word_1_78' title='bbox 686 956 806 998; x_wconf 90' lang='lat' dir='ltr'>igitur</span> <span class='ocrx_word' id='word_1_79' title='bbox 836 957 1006 994; x_wconf 72' lang='lat' dir='ltr'>facimus,</span> <span class='ocrx_word' id='word_1_80' title='bbox 1044 958 1143 998; x_wconf 86' lang='lat' dir='ltr'>quod</span> <span class='ocrx_word' id='word_1_81' title='bbox 1172 966 1284 997; x_wconf 82' lang='lat' dir='ltr'>anno,</span> <span class='ocrx_word' id='word_1_82' title='bbox 1317 957 1523 990; x_wconf 77' lang='lat' dir='ltr'>indictione</span> <span class='ocrx_word' id='word_1_83' title='bbox 1554 966 1760 999; x_wconf 82' lang='lat' dir='ltr'>menseque</span> <span class='ocrx_word' id='word_1_84' title='bbox 1794 958 1833 991; x_wconf 91' lang='lat' dir='ltr'>et</span> <span class='ocrx_word' id='word_1_85' title='bbox 1863 958 1924 991; x_wconf 90' lang='lat' dir='ltr'>die</span> 
     </span>
     <span class='ocr_line' id='line_1_11' title="bbox 287 1011 1924 1054; baseline -0.001 -8"><span class='ocrx_word' id='word_1_86' title='bbox 287 1012 552 1054; x_wconf 73' lang='lat' dir='ltr'>infrascriptis,</span> <span class='ocrx_word' id='word_1_87' title='bbox 571 1012 812 1052; x_wconf 82' lang='lat' dir='ltr'>comparente</span> <span class='ocrx_word' id='word_1_88' title='bbox 828 1011 1080 1053; x_wconf 88' lang='lat' dir='ltr'>personaliter</span> <span class='ocrx_word' id='word_1_89' title='bbox 1104 1013 1142 1045; x_wconf 89' lang='lat' dir='ltr'>et</span> <span class='ocrx_word' id='word_1_90' title='bbox 1159 1013 1363 1045; x_wconf 86' lang='lat' dir='ltr'>constituto</span> <span class='ocrx_word' id='word_1_91' title='bbox 1389 1022 1516 1045; x_wconf 89' lang='lat' dir='ltr'>coram</span> <span class='ocrx_word' id='word_1_92' title='bbox 1544 1013 1651 1045; x_wconf 89' lang='lat' dir='ltr'>nobis</span> <span class='ocrx_word' id='word_1_93' title='bbox 1675 1013 1714 1045; x_wconf 91' lang='lat' dir='ltr'>in</span> <span class='ocrx_word' id='word_1_94' title='bbox 1729 1013 1870 1054; x_wconf 70' lang='lat' dir='ltr'>Judicio</span> <span class='ocrx_word' id='word_1_95' title='bbox 1883 1013 1924 1046; x_wconf 90' lang='lat' dir='ltr'>in</span> 
     </span>
     <span class='ocr_line' id='line_1_12' title="bbox 288 1066 1924 1110; baseline 0.001 -10"><span class='ocrx_word' id='word_1_96' title='bbox 288 1068 393 1101; x_wconf 87' lang='lat' dir='ltr'>curia</span> <span class='ocrx_word' id='word_1_97' title='bbox 410 1066 652 1107; x_wconf 80' lang='lat' dir='ltr'>Tornacensi,</span> <span class='ocrx_word' id='word_1_98' title='bbox 669 1066 708 1098; x_wconf 93' lang='lat' dir='ltr'>in</span> <span class='ocrx_word' id='word_1_99' title='bbox 726 1066 961 1100; x_wconf 88' lang='lat' dir='ltr'>notariorum</span> <span class='ocrx_word' id='word_1_100' title='bbox 978 1067 1093 1100; x_wconf 89' lang='lat' dir='ltr'>etiam</span> <span class='ocrx_word' id='word_1_101' title='bbox 1117 1066 1355 1109; x_wconf 87' lang='lat' dir='ltr'>publicorum</span> <span class='ocrx_word' id='word_1_102' title='bbox 1372 1068 1410 1100; x_wconf 89' lang='lat' dir='ltr'>et</span> <span class='ocrx_word' id='word_1_103' title='bbox 1426 1067 1579 1100; x_wconf 87' lang='lat' dir='ltr'>testium</span> <span class='ocrx_word' id='word_1_104' title='bbox 1594 1067 1924 1110; x_wconf 79' lang='lat' dir='ltr'>infrascriptorum</span> 
     </span>
     <span class='ocr_line' id='line_1_13' title="bbox 287 1121 1922 1165; baseline -0.001 -9"><span class='ocrx_word' id='word_1_105' title='bbox 287 1122 420 1156; x_wconf 83' lang='lat' dir='ltr'>adhoc</span> <span class='ocrx_word' id='word_1_106' title='bbox 447 1123 665 1154; x_wconf 86' lang='lat' dir='ltr'>vocatorum</span> <span class='ocrx_word' id='word_1_107' title='bbox 690 1121 908 1163; x_wconf 82' lang='lat' dir='ltr'>specialiter</span> <span class='ocrx_word' id='word_1_108' title='bbox 932 1123 969 1155; x_wconf 93' lang='lat' dir='ltr'>et</span> <span class='ocrx_word' id='word_1_109' title='bbox 985 1123 1207 1165; x_wconf 86' lang='lat' dir='ltr'>rogatorum</span> <span class='ocrx_word' id='word_1_110' title='bbox 1222 1123 1428 1164; x_wconf 82' lang='lat' dir='ltr'>presentia,</span> <span class='ocrx_word' id='word_1_111' title='bbox 1456 1121 1672 1156; x_wconf 82' lang='lat' dir='ltr'>honorabili</span> <span class='ocrx_word' id='word_1_112' title='bbox 1703 1132 1746 1156; x_wconf 89' lang='lat' dir='ltr'>ae</span> <span class='ocrx_word' id='word_1_113' title='bbox 1762 1123 1922 1165; x_wconf 89' lang='lat' dir='ltr'>prouido</span> 
     </span>
     <span class='ocr_line' id='line_1_14' title="bbox 285 1176 1922 1220; baseline 0 -9"><span class='ocrx_word' id='word_1_114' title='bbox 285 1179 365 1211; x_wconf 74' lang='lat' dir='ltr'>viro</span> <span class='ocrx_word' id='word_1_115' title='bbox 382 1177 563 1219; x_wconf 86' lang='lat' dir='ltr'>magistro</span> <span class='ocrx_word' id='word_1_116' title='bbox 580 1176 768 1209; x_wconf 87' lang='lat' dir='ltr'>Absalone</span> <span class='ocrx_word' id='word_1_117' title='bbox 787 1176 917 1216; x_wconf 87' lang='lat' dir='ltr'>Oskin,</span> <span class='ocrx_word' id='word_1_118' title='bbox 937 1176 1089 1217; x_wconf 89' lang='lat' dir='ltr'>clerico,</span> <span class='ocrx_word' id='word_1_119' title='bbox 1108 1178 1325 1219; x_wconf 86' lang='lat' dir='ltr'>promotore</span> <span class='ocrx_word' id='word_1_120' title='bbox 1343 1187 1543 1211; x_wconf 85' lang='lat' dir='ltr'>causarum</span> <span class='ocrx_word' id='word_1_121' title='bbox 1560 1178 1670 1220; x_wconf 88' lang='lat' dir='ltr'>officij</span> <span class='ocrx_word' id='word_1_122' title='bbox 1691 1178 1791 1211; x_wconf 86' lang='lat' dir='ltr'>dicte</span> <span class='ocrx_word' id='word_1_123' title='bbox 1804 1178 1922 1219; x_wconf 85' lang='lat' dir='ltr'>curie,</span> 
     </span>
     <span class='ocr_line' id='line_1_15' title="bbox 285 1232 1923 1275; baseline 0.001 -9"><span class='ocrx_word' id='word_1_124' title='bbox 285 1235 606 1275; x_wconf 88' lang='lat' dir='ltr'>procuratoreque</span> <span class='ocrx_word' id='word_1_125' title='bbox 622 1232 824 1265; x_wconf 89' lang='lat' dir='ltr'>reuerendi</span> <span class='ocrx_word' id='word_1_126' title='bbox 837 1232 876 1264; x_wconf 92' lang='lat' dir='ltr'>in</span> <span class='ocrx_word' id='word_1_127' title='bbox 892 1232 1038 1264; x_wconf 87' lang='lat' dir='ltr'>Christo</span> <span class='ocrx_word' id='word_1_128' title='bbox 1056 1233 1175 1274; x_wconf 88' lang='lat' dir='ltr'>patris</span> <span class='ocrx_word' id='word_1_129' title='bbox 1188 1233 1226 1266; x_wconf 88' lang='lat' dir='ltr'>et</span> <span class='ocrx_word' id='word_1_130' title='bbox 1239 1233 1381 1265; x_wconf 91' lang='lat' dir='ltr'>domini</span> <span class='ocrx_word' id='word_1_131' title='bbox 1397 1233 1540 1266; x_wconf 90' lang='lat' dir='ltr'>domini</span> <span class='ocrx_word' id='word_1_132' title='bbox 1558 1232 1923 1275; x_wconf 81' lang='lat' dir='ltr'>Johannis,misera-</span> 
     </span>
     <span class='ocr_line' id='line_1_16' title="bbox 285 1287 1923 1331; baseline 0.001 -10"><span class='ocrx_word' id='word_1_133' title='bbox 285 1289 393 1321; x_wconf 88' lang='lat' dir='ltr'>cione</span> <span class='ocrx_word' id='word_1_134' title='bbox 417 1288 543 1320; x_wconf 85' lang='lat' dir='ltr'>divina</span> <span class='ocrx_word' id='word_1_135' title='bbox 567 1287 816 1320; x_wconf 85' lang='lat' dir='ltr'>Tornacensis</span> <span class='ocrx_word' id='word_1_136' title='bbox 846 1288 1026 1329; x_wconf 88' lang='lat' dir='ltr'>episcopi,</span> <span class='ocrx_word' id='word_1_137' title='bbox 1051 1289 1220 1330; x_wconf 79' lang='lat' dir='ltr'>prefatus</span> <span class='ocrx_word' id='word_1_138' title='bbox 1244 1288 1428 1331; x_wconf 87' lang='lat' dir='ltr'>magister</span> <span class='ocrx_word' id='word_1_139' title='bbox 1445 1288 1624 1328; x_wconf 85' lang='lat' dir='ltr'>Absalon‚</span> <span class='ocrx_word' id='word_1_140' title='bbox 1645 1288 1796 1322; x_wconf 92' lang='lat' dir='ltr'>nomine</span> <span class='ocrx_word' id='word_1_141' title='bbox 1821 1289 1923 1322; x_wconf 91' lang='lat' dir='ltr'>ante-</span> 
     </span>
     <span class='ocr_line' id='line_1_17' title="bbox 286 1341 1923 1385; baseline 0 -9"><span class='ocrx_word' id='word_1_142' title='bbox 286 1344 398 1383; x_wconf 85' lang='lat' dir='ltr'>dicto,</span> <span class='ocrx_word' id='word_1_143' title='bbox 416 1343 562 1376; x_wconf 84' lang='lat' dir='ltr'>certum</span> <span class='ocrx_word' id='word_1_144' title='bbox 578 1341 770 1384; x_wconf 87' lang='lat' dir='ltr'>publicum</span> <span class='ocrx_word' id='word_1_145' title='bbox 794 1343 1087 1375; x_wconf 85' lang='lat' dir='ltr'>instrumentum</span> <span class='ocrx_word' id='word_1_146' title='bbox 1112 1344 1231 1385; x_wconf 87' lang='lat' dir='ltr'>signis</span> <span class='ocrx_word' id='word_1_147' title='bbox 1254 1344 1291 1376; x_wconf 89' lang='lat' dir='ltr'>et</span> <span class='ocrx_word' id='word_1_148' title='bbox 1310 1343 1648 1385; x_wconf 87' lang='lat' dir='ltr'>subscriptionibus</span> <span class='ocrx_word' id='word_1_149' title='bbox 1673 1343 1923 1376; x_wconf 86' lang='lat' dir='ltr'>discretorum</span> 
     </span>
     <span class='ocr_line' id='line_1_18' title="bbox 283 1397 1922 1440; baseline 0 -9"><span class='ocrx_word' id='word_1_150' title='bbox 283 1399 451 1431; x_wconf 85' lang='lat' dir='ltr'>virorum</span> <span class='ocrx_word' id='word_1_151' title='bbox 468 1397 733 1440; x_wconf 87' lang='lat' dir='ltr'>magistrorum</span> <span class='ocrx_word' id='word_1_152' title='bbox 748 1398 771 1431; x_wconf 79' lang='lat' dir='ltr'>J</span> <span class='ocrx_word' id='word_1_153' title='bbox 775 1397 933 1430; x_wconf 86' lang='lat' dir='ltr'>ohannis</span> <span class='ocrx_word' id='word_1_154' title='bbox 947 1398 1115 1439; x_wconf 84' lang='lat' dir='ltr'>Guiardj,</span> <span class='ocrx_word' id='word_1_155' title='bbox 1131 1399 1371 1431; x_wconf 83' lang='lat' dir='ltr'>Pictauensis</span> <span class='ocrx_word' id='word_1_156' title='bbox 1385 1398 1558 1439; x_wconf 83' lang='lat' dir='ltr'>diocesis,</span> <span class='ocrx_word' id='word_1_157' title='bbox 1573 1399 1611 1431; x_wconf 87' lang='lat' dir='ltr'>et</span> <span class='ocrx_word' id='word_1_158' title='bbox 1633 1398 1810 1440; x_wconf 86' lang='lat' dir='ltr'>Anthonij</span> <span class='ocrx_word' id='word_1_159' title='bbox 1831 1399 1922 1431; x_wconf 86' lang='lat' dir='ltr'>Gui-</span> 
     </span>
     <span class='ocr_line' id='line_1_19' title="bbox 284 1452 1920 1495; baseline 0 -9"><span class='ocrx_word' id='word_1_160' title='bbox 284 1454 404 1493; x_wconf 88' lang='lat' dir='ltr'>donis,</span> <span class='ocrx_word' id='word_1_161' title='bbox 422 1452 700 1492; x_wconf 79' lang='lat' dir='ltr'>AuinionenSiS‚</span> <span class='ocrx_word' id='word_1_162' title='bbox 720 1452 958 1492; x_wconf 84' lang='lat' dir='ltr'>clericorum,</span> <span class='ocrx_word' id='word_1_163' title='bbox 973 1453 1213 1494; x_wconf 87' lang='lat' dir='ltr'>publicorum</span> <span class='ocrx_word' id='word_1_164' title='bbox 1226 1453 1434 1495; x_wconf 88' lang='lat' dir='ltr'>apostolica</span> <span class='ocrx_word' id='word_1_165' title='bbox 1457 1454 1494 1487; x_wconf 90' lang='lat' dir='ltr'>et</span> <span class='ocrx_word' id='word_1_166' title='bbox 1507 1453 1697 1495; x_wconf 89' lang='lat' dir='ltr'>imperiali</span> <span class='ocrx_word' id='word_1_167' title='bbox 1721 1454 1920 1487; x_wconf 77' lang='lat' dir='ltr'>auetorita-</span> 
     </span>
     <span class='ocr_line' id='line_1_20' title="bbox 282 1508 1922 1551; baseline 0.001 -10"><span class='ocrx_word' id='word_1_168' title='bbox 282 1510 383 1542; x_wconf 85' lang='lat' dir='ltr'>tibus</span> <span class='ocrx_word' id='word_1_169' title='bbox 411 1508 647 1540; x_wconf 89' lang='lat' dir='ltr'>notariorum</span> <span class='ocrx_word' id='word_1_170' title='bbox 677 1508 868 1550; x_wconf 89' lang='lat' dir='ltr'>signatum</span> <span class='ocrx_word' id='word_1_171' title='bbox 900 1509 937 1541; x_wconf 91' lang='lat' dir='ltr'>et</span> <span class='ocrx_word' id='word_1_172' title='bbox 970 1509 1238 1550; x_wconf 86' lang='lat' dir='ltr'>subscriptum,</span> <span class='ocrx_word' id='word_1_173' title='bbox 1257 1518 1389 1541; x_wconf 91' lang='lat' dir='ltr'>sanum</span> <span class='ocrx_word' id='word_1_174' title='bbox 1419 1509 1456 1541; x_wconf 89' lang='lat' dir='ltr'>et</span> <span class='ocrx_word' id='word_1_175' title='bbox 1484 1509 1700 1551; x_wconf 76' lang='lat' dir='ltr'>integrum3</span> <span class='ocrx_word' id='word_1_176' title='bbox 1731 1509 1769 1542; x_wconf 91' lang='lat' dir='ltr'>et</span> <span class='ocrx_word' id='word_1_177' title='bbox 1799 1509 1922 1542; x_wconf 85' lang='lat' dir='ltr'>certas</span> 
     </span>
     <span class='ocr_line' id='line_1_21' title="bbox 282 1563 1923 1606; baseline 0 -10"><span class='ocrx_word' id='word_1_178' title='bbox 282 1565 455 1606; x_wconf 82' lang='lat' dir='ltr'>patentes</span> <span class='ocrx_word' id='word_1_179' title='bbox 480 1563 627 1595; x_wconf 75' lang='lat' dir='ltr'>litteras</span> <span class='ocrx_word' id='word_1_180' title='bbox 653 1572 674 1595; x_wconf 90' lang='lat' dir='ltr'>a</span> <span class='ocrx_word' id='word_1_181' title='bbox 697 1563 1021 1596; x_wconf 87' lang='lat' dir='ltr'>reuerendissimo</span> <span class='ocrx_word' id='word_1_182' title='bbox 1047 1564 1087 1595; x_wconf 91' lang='lat' dir='ltr'>in</span> <span class='ocrx_word' id='word_1_183' title='bbox 1114 1563 1261 1596; x_wconf 88' lang='lat' dir='ltr'>Christo</span> <span class='ocrx_word' id='word_1_184' title='bbox 1279 1565 1386 1605; x_wconf 86' lang='lat' dir='ltr'>patre</span> <span class='ocrx_word' id='word_1_185' title='bbox 1405 1564 1556 1596; x_wconf 90' lang='lat' dir='ltr'>domino</span> <span class='ocrx_word' id='word_1_186' title='bbox 1570 1563 1775 1604; x_wconf 88' lang='lat' dir='ltr'>Anthonio,</span> <span class='ocrx_word' id='word_1_187' title='bbox 1790 1564 1923 1597; x_wconf 91' lang='lat' dir='ltr'>eadem</span> 
     </span>
     <span class='ocr_line' id='line_1_22' title="bbox 281 1617 1922 1660; baseline 0.001 -9"><span class='ocrx_word' id='word_1_188' title='bbox 281 1619 528 1652; x_wconf 83' lang='lat' dir='ltr'>miseracione</span> <span class='ocrx_word' id='word_1_189' title='bbox 542 1617 644 1650; x_wconf 88' lang='lat' dir='ltr'>tituli</span> <span class='ocrx_word' id='word_1_190' title='bbox 662 1619 790 1651; x_wconf 87' lang='lat' dir='ltr'>sancte</span> <span class='ocrx_word' id='word_1_191' title='bbox 805 1617 973 1651; x_wconf 85' lang='lat' dir='ltr'>Susanne</span> <span class='ocrx_word' id='word_1_192' title='bbox 986 1618 1157 1651; x_wconf 83' lang='lat' dir='ltr'>Romane</span> <span class='ocrx_word' id='word_1_193' title='bbox 1171 1618 1330 1651; x_wconf 84' lang='lat' dir='ltr'>ecclesie</span> <span class='ocrx_word' id='word_1_194' title='bbox 1344 1619 1568 1660; x_wconf 80' lang='lat' dir='ltr'>presbytero</span> <span class='ocrx_word' id='word_1_195' title='bbox 1581 1618 1777 1659; x_wconf 86' lang='lat' dir='ltr'>cardinali,</span> <span class='ocrx_word' id='word_1_196' title='bbox 1788 1619 1922 1660; x_wconf 82' lang='lat' dir='ltr'>Aequi-</span> 
     </span>
     <span class='ocr_line' id='line_1_23' title="bbox 280 1673 1920 1717; baseline -0.001 -10"><span class='ocrx_word' id='word_1_197' title='bbox 280 1674 441 1716; x_wconf 85' lang='lat' dir='ltr'>legiensi</span> <span class='ocrx_word' id='word_1_198' title='bbox 460 1673 670 1716; x_wconf 83' lang='lat' dir='ltr'>vulgariter</span> <span class='ocrx_word' id='word_1_199' title='bbox 686 1674 914 1715; x_wconf 86' lang='lat' dir='ltr'>nuncupato,</span> <span class='ocrx_word' id='word_1_200' title='bbox 944 1675 1150 1714; x_wconf 81' lang='lat' dir='ltr'>emanatas,</span> <span class='ocrx_word' id='word_1_201' title='bbox 1171 1674 1251 1706; x_wconf 89' lang='lat' dir='ltr'>eius</span> <span class='ocrx_word' id='word_1_202' title='bbox 1264 1682 1354 1706; x_wconf 89' lang='lat' dir='ltr'>vero</span> <span class='ocrx_word' id='word_1_203' title='bbox 1369 1683 1411 1706; x_wconf 87' lang='lat' dir='ltr'>ac</span> <span class='ocrx_word' id='word_1_204' title='bbox 1434 1674 1589 1716; x_wconf 86' lang='lat' dir='ltr'>proprio</span> <span class='ocrx_word' id='word_1_205' title='bbox 1609 1673 1738 1717; x_wconf 89' lang='lat' dir='ltr'>sigillo</span> <span class='ocrx_word' id='word_1_206' title='bbox 1756 1673 1920 1717; x_wconf 89' lang='lat' dir='ltr'>oblongo</span> 
     </span>
     <span class='ocr_line' id='line_1_24' title="bbox 280 1728 1921 1772; baseline 0 -10"><span class='ocrx_word' id='word_1_207' title='bbox 280 1730 319 1762; x_wconf 94' lang='lat' dir='ltr'>in</span> <span class='ocrx_word' id='word_1_208' title='bbox 337 1738 425 1762; x_wconf 87' lang='lat' dir='ltr'>cera</span> <span class='ocrx_word' id='word_1_209' title='bbox 447 1729 565 1761; x_wconf 88' lang='lat' dir='ltr'>rubea</span> <span class='ocrx_word' id='word_1_210' title='bbox 582 1738 666 1760; x_wconf 86' lang='lat' dir='ltr'>cum</span> <span class='ocrx_word' id='word_1_211' title='bbox 694 1737 806 1770; x_wconf 84' lang='lat' dir='ltr'>capsa</span> <span class='ocrx_word' id='word_1_212' title='bbox 833 1737 919 1761; x_wconf 89' lang='lat' dir='ltr'>cere</span> <span class='ocrx_word' id='word_1_213' title='bbox 944 1728 1029 1762; x_wconf 90' lang='lat' dir='ltr'>albe</span> <span class='ocrx_word' id='word_1_214' title='bbox 1046 1730 1084 1762; x_wconf 90' lang='lat' dir='ltr'>et</span> <span class='ocrx_word' id='word_1_215' title='bbox 1108 1729 1264 1762; x_wconf 85' lang='lat' dir='ltr'>cordula</span> <span class='ocrx_word' id='word_1_216' title='bbox 1287 1728 1343 1761; x_wconf 89' lang='lat' dir='ltr'>fili</span> <span class='ocrx_word' id='word_1_217' title='bbox 1371 1729 1481 1762; x_wconf 89' lang='lat' dir='ltr'>rubei</span> <span class='ocrx_word' id='word_1_218' title='bbox 1498 1728 1685 1771; x_wconf 87' lang='lat' dir='ltr'>sigillatas</span> <span class='ocrx_word' id='word_1_219' title='bbox 1699 1738 1742 1762; x_wconf 89' lang='lat' dir='ltr'>ac</span> <span class='ocrx_word' id='word_1_220' title='bbox 1759 1729 1868 1772; x_wconf 88' lang='lat' dir='ltr'>signo</span> <span class='ocrx_word' id='word_1_221' title='bbox 1883 1729 1921 1762; x_wconf 90' lang='lat' dir='ltr'>et</span> 
     </span>
     <span class='ocr_line' id='line_1_25' title="bbox 281 1780 1919 1826; baseline -0.001 -9"><span class='ocrx_word' id='word_1_222' title='bbox 281 1784 556 1825; x_wconf 84' lang='lat' dir='ltr'>subscriptione</span> <span class='ocrx_word' id='word_1_223' title='bbox 571 1784 723 1816; x_wconf 81' lang='lat' dir='ltr'>discreti</span> <span class='ocrx_word' id='word_1_224' title='bbox 736 1784 806 1816; x_wconf 74' lang='lat' dir='ltr'>viri</span> <span class='ocrx_word' id='word_1_225' title='bbox 820 1784 994 1826; x_wconf 85' lang='lat' dir='ltr'>magistri</span> <span class='ocrx_word' id='word_1_226' title='bbox 1012 1784 1219 1817; x_wconf 89' lang='lat' dir='ltr'>Hermanni</span> <span class='ocrx_word' id='word_1_227' title='bbox 1234 1780 1441 1824; x_wconf 81' lang='lat' dir='ltr'>Lutkehns,</span> <span class='ocrx_word' id='word_1_228' title='bbox 1453 1783 1582 1817; x_wconf 88' lang='lat' dir='ltr'>clerici</span> <span class='ocrx_word' id='word_1_229' title='bbox 1598 1784 1919 1825; x_wconf 87' lang='lat' dir='ltr'>Monasteriensis,</span> 
     </span>
     <span class='ocr_line' id='line_1_26' title="bbox 280 1839 1920 1882; baseline 0 -10"><span class='ocrx_word' id='word_1_230' title='bbox 280 1839 433 1882; x_wconf 83' lang='lat' dir='ltr'>publica</span> <span class='ocrx_word' id='word_1_231' title='bbox 450 1839 656 1880; x_wconf 83' lang='lat' dir='ltr'>apostolica</span> <span class='ocrx_word' id='word_1_232' title='bbox 672 1839 897 1872; x_wconf 85' lang='lat' dir='ltr'>auctoritate</span> <span class='ocrx_word' id='word_1_233' title='bbox 916 1839 1087 1881; x_wconf 85' lang='lat' dir='ltr'>predicta</span> <span class='ocrx_word' id='word_1_234' title='bbox 1104 1839 1253 1881; x_wconf 72' lang='lat' dir='ltr'>notarii,</span> <span class='ocrx_word' id='word_1_235' title='bbox 1273 1840 1440 1882; x_wconf 85' lang='lat' dir='ltr'>signatas</span> <span class='ocrx_word' id='word_1_236' title='bbox 1470 1840 1508 1872; x_wconf 86' lang='lat' dir='ltr'>et</span> <span class='ocrx_word' id='word_1_237' title='bbox 1535 1840 1777 1881; x_wconf 78' lang='lat' dir='ltr'>subscriptas,</span> <span class='ocrx_word' id='word_1_238' title='bbox 1811 1849 1920 1872; x_wconf 87' lang='lat' dir='ltr'>sanas</span> 
     </span>
     <span class='ocr_line' id='line_1_27' title="bbox 281 1893 1920 1937; baseline -0.001 -9"><span class='ocrx_word' id='word_1_239' title='bbox 281 1896 319 1928; x_wconf 89' lang='lat' dir='ltr'>et</span> <span class='ocrx_word' id='word_1_240' title='bbox 342 1895 535 1937; x_wconf 82' lang='lat' dir='ltr'>integras3</span> <span class='ocrx_word' id='word_1_241' title='bbox 568 1903 714 1927; x_wconf 85' lang='lat' dir='ltr'>necnon</span> <span class='ocrx_word' id='word_1_242' title='bbox 745 1893 893 1927; x_wconf 83' lang='lat' dir='ltr'>litteras</span> <span class='ocrx_word' id='word_1_243' title='bbox 923 1895 1148 1936; x_wconf 86' lang='lat' dir='ltr'>sanctissimj</span> <span class='ocrx_word' id='word_1_244' title='bbox 1175 1896 1214 1927; x_wconf 88' lang='lat' dir='ltr'>in</span> <span class='ocrx_word' id='word_1_245' title='bbox 1243 1894 1392 1927; x_wconf 89' lang='lat' dir='ltr'>Christo</span> <span class='ocrx_word' id='word_1_246' title='bbox 1417 1894 1536 1936; x_wconf 85' lang='lat' dir='ltr'>patris</span> <span class='ocrx_word' id='word_1_247' title='bbox 1564 1896 1602 1928; x_wconf 89' lang='lat' dir='ltr'>et</span> <span class='ocrx_word' id='word_1_248' title='bbox 1630 1895 1772 1927; x_wconf 91' lang='lat' dir='ltr'>domini</span> <span class='ocrx_word' id='word_1_249' title='bbox 1800 1894 1920 1927; x_wconf 85' lang='lat' dir='ltr'>nostri</span> 
     </span>
     <span class='ocr_line' id='line_1_28' title="bbox 281 1949 1919 1992; baseline 0.001 -11"><span class='ocrx_word' id='word_1_250' title='bbox 281 1950 422 1982; x_wconf 89' lang='lat' dir='ltr'>domini</span> <span class='ocrx_word' id='word_1_251' title='bbox 446 1949 614 1991; x_wconf 85' lang='lat' dir='ltr'>Martinj‚</span> <span class='ocrx_word' id='word_1_252' title='bbox 644 1949 773 1982; x_wconf 90' lang='lat' dir='ltr'>diuina</span> <span class='ocrx_word' id='word_1_253' title='bbox 788 1950 1029 1991; x_wconf 86' lang='lat' dir='ltr'>prouidentia</span> <span class='ocrx_word' id='word_1_254' title='bbox 1045 1959 1141 1992; x_wconf 89' lang='lat' dir='ltr'>pape</span> <span class='ocrx_word' id='word_1_255' title='bbox 1166 1950 1301 1991; x_wconf 89' lang='lat' dir='ltr'>quinti,</span> <span class='ocrx_word' id='word_1_256' title='bbox 1321 1949 1403 1982; x_wconf 88' lang='lat' dir='ltr'>eius</span> <span class='ocrx_word' id='word_1_257' title='bbox 1419 1958 1509 1982; x_wconf 88' lang='lat' dir='ltr'>vera</span> <span class='ocrx_word' id='word_1_258' title='bbox 1525 1949 1630 1982; x_wconf 90' lang='lat' dir='ltr'>bulla</span> <span class='ocrx_word' id='word_1_259' title='bbox 1645 1949 1823 1992; x_wconf 89' lang='lat' dir='ltr'>plumbea</span> <span class='ocrx_word' id='word_1_260' title='bbox 1834 1958 1919 1982; x_wconf 85' lang='lat' dir='ltr'>cum</span> 
     </span>
     <span class='ocr_line' id='line_1_29' title="bbox 281 2004 1919 2047; baseline -0.001 -9"><span class='ocrx_word' id='word_1_261' title='bbox 281 2005 435 2038; x_wconf 83' lang='lat' dir='ltr'>cordula</span> <span class='ocrx_word' id='word_1_262' title='bbox 458 2005 610 2046; x_wconf 89' lang='lat' dir='ltr'>canapis</span> <span class='ocrx_word' id='word_1_263' title='bbox 634 2013 737 2037; x_wconf 90' lang='lat' dir='ltr'>more</span> <span class='ocrx_word' id='word_1_264' title='bbox 754 2005 925 2037; x_wconf 88' lang='lat' dir='ltr'>Romane</span> <span class='ocrx_word' id='word_1_265' title='bbox 942 2005 1045 2037; x_wconf 90' lang='lat' dir='ltr'>curie</span> <span class='ocrx_word' id='word_1_266' title='bbox 1074 2005 1250 2045; x_wconf 85' lang='lat' dir='ltr'>bullatas,</span> <span class='ocrx_word' id='word_1_267' title='bbox 1271 2014 1379 2038; x_wconf 90' lang='lat' dir='ltr'>sanas</span> <span class='ocrx_word' id='word_1_268' title='bbox 1405 2005 1442 2037; x_wconf 91' lang='lat' dir='ltr'>et</span> <span class='ocrx_word' id='word_1_269' title='bbox 1464 2005 1647 2047; x_wconf 86' lang='lat' dir='ltr'>integras,</span> <span class='ocrx_word' id='word_1_270' title='bbox 1666 2014 1741 2037; x_wconf 88' lang='lat' dir='ltr'>non</span> <span class='ocrx_word' id='word_1_271' title='bbox 1764 2004 1919 2038; x_wconf 87' lang='lat' dir='ltr'>viciatas</span> 
     </span>
     <span class='ocr_line' id='line_1_30' title="bbox 282 2059 1919 2102; baseline 0 -10"><span class='ocrx_word' id='word_1_272' title='bbox 282 2062 346 2093; x_wconf 88' lang='lat' dir='ltr'>aut</span> <span class='ocrx_word' id='word_1_273' title='bbox 362 2059 588 2092; x_wconf 81' lang='lat' dir='ltr'>cancellatas</span> <span class='ocrx_word' id='word_1_274' title='bbox 616 2068 681 2092; x_wconf 89' lang='lat' dir='ltr'>seu</span> <span class='ocrx_word' id='word_1_275' title='bbox 710 2060 748 2092; x_wconf 91' lang='lat' dir='ltr'>in</span> <span class='ocrx_word' id='word_1_276' title='bbox 777 2059 904 2101; x_wconf 89' lang='lat' dir='ltr'>aliqua</span> <span class='ocrx_word' id='word_1_277' title='bbox 935 2060 992 2092; x_wconf 85' lang='lat' dir='ltr'>sui</span> <span class='ocrx_word' id='word_1_278' title='bbox 1007 2060 1115 2101; x_wconf 87' lang='lat' dir='ltr'>parte</span> <span class='ocrx_word' id='word_1_279' title='bbox 1140 2061 1346 2102; x_wconf 87' lang='lat' dir='ltr'>suspectas,</span> <span class='ocrx_word' id='word_1_280' title='bbox 1376 2060 1441 2092; x_wconf 88' lang='lat' dir='ltr'>sed</span> <span class='ocrx_word' id='word_1_281' title='bbox 1470 2060 1571 2092; x_wconf 90' lang='lat' dir='ltr'>omni</span> <span class='ocrx_word' id='word_1_282' title='bbox 1596 2069 1751 2102; x_wconf 87' lang='lat' dir='ltr'>prorsus</span> <span class='ocrx_word' id='word_1_283' title='bbox 1767 2060 1863 2092; x_wconf 85' lang='lat' dir='ltr'>vicio</span> <span class='ocrx_word' id='word_1_284' title='bbox 1881 2060 1919 2093; x_wconf 92' lang='lat' dir='ltr'>et</span> 
     </span>
     <span class='ocr_line' id='line_1_31' title="bbox 281 2115 1918 2157; baseline 0 -10"><span class='ocrx_word' id='word_1_285' title='bbox 281 2115 493 2157; x_wconf 85' lang='lat' dir='ltr'>suspicione</span> <span class='ocrx_word' id='word_1_286' title='bbox 507 2115 691 2154; x_wconf 75' lang='lat' dir='ltr'>carentes,</span> <span class='ocrx_word' id='word_1_287' title='bbox 710 2124 869 2156; x_wconf 91' lang='lat' dir='ltr'>quarum</span> <span class='ocrx_word' id='word_1_288' title='bbox 886 2115 1038 2156; x_wconf 85' lang='lat' dir='ltr'>quidem</span> <span class='ocrx_word' id='word_1_289' title='bbox 1051 2115 1268 2148; x_wconf 87' lang='lat' dir='ltr'>litterarum</span> <span class='ocrx_word' id='word_1_290' title='bbox 1285 2116 1323 2148; x_wconf 88' lang='lat' dir='ltr'>et</span> <span class='ocrx_word' id='word_1_291' title='bbox 1335 2115 1577 2148; x_wconf 89' lang='lat' dir='ltr'>instrumenti</span> <span class='ocrx_word' id='word_1_292' title='bbox 1590 2116 1742 2148; x_wconf 82' lang='lat' dir='ltr'>tenores</span> <span class='ocrx_word' id='word_1_293' title='bbox 1758 2115 1918 2148; x_wconf 85' lang='lat' dir='ltr'>inferius</span> 
     </span>
     <span class='ocr_line' id='line_1_32' title="bbox 282 2169 1918 2212; baseline -0.001 -9"><span class='ocrx_word' id='word_1_294' title='bbox 282 2170 560 2209; x_wconf 87' lang='lat' dir='ltr'>describuntur,</span> <span class='ocrx_word' id='word_1_295' title='bbox 575 2179 701 2202; x_wconf 87' lang='lat' dir='ltr'>coram</span> <span class='ocrx_word' id='word_1_296' title='bbox 718 2171 825 2202; x_wconf 87' lang='lat' dir='ltr'>nobis</span> <span class='ocrx_word' id='word_1_297' title='bbox 839 2171 877 2203; x_wconf 89' lang='lat' dir='ltr'>et</span> <span class='ocrx_word' id='word_1_298' title='bbox 894 2170 1004 2203; x_wconf 89' lang='lat' dir='ltr'>dictis</span> <span class='ocrx_word' id='word_1_299' title='bbox 1018 2171 1173 2212; x_wconf 70' lang='lat' dir='ltr'>notariis</span> <span class='ocrx_word' id='word_1_300' title='bbox 1188 2179 1230 2203; x_wconf 87' lang='lat' dir='ltr'>ac</span> <span class='ocrx_word' id='word_1_301' title='bbox 1247 2170 1406 2203; x_wconf 89' lang='lat' dir='ltr'>testibus</span> <span class='ocrx_word' id='word_1_302' title='bbox 1422 2170 1674 2212; x_wconf 86' lang='lat' dir='ltr'>infrascriptis</span> <span class='ocrx_word' id='word_1_303' title='bbox 1686 2169 1918 2211; x_wconf 85' lang='lat' dir='ltr'>judicialiter</span> 
     </span>
     <span class='ocr_line' id='line_1_33' title="bbox 282 2224 1914 2267; baseline -0.001 -9"><span class='ocrx_word' id='word_1_304' title='bbox 282 2225 455 2258; x_wconf 79' lang='lat' dir='ltr'>exhibuit</span> <span class='ocrx_word' id='word_1_305' title='bbox 467 2226 578 2266; x_wconf 89' lang='lat' dir='ltr'>atque</span> <span class='ocrx_word' id='word_1_306' title='bbox 595 2226 776 2266; x_wconf 81' lang='lat' dir='ltr'>porrexit,</span> <span class='ocrx_word' id='word_1_307' title='bbox 795 2226 922 2258; x_wconf 82' lang='lat' dir='ltr'>dicens</span> <span class='ocrx_word' id='word_1_308' title='bbox 940 2226 977 2258; x_wconf 89' lang='lat' dir='ltr'>et</span> <span class='ocrx_word' id='word_1_309' title='bbox 990 2225 1169 2258; x_wconf 91' lang='lat' dir='ltr'>seriosius</span> <span class='ocrx_word' id='word_1_310' title='bbox 1193 2234 1396 2267; x_wconf 84' lang='lat' dir='ltr'>exponens,</span> <span class='ocrx_word' id='word_1_311' title='bbox 1415 2226 1514 2267; x_wconf 89' lang='lat' dir='ltr'>quod</span> <span class='ocrx_word' id='word_1_312' title='bbox 1531 2224 1773 2267; x_wconf 87' lang='lat' dir='ltr'>quamplures</span> <span class='ocrx_word' id='word_1_313' title='bbox 1789 2224 1914 2257; x_wconf 87' lang='lat' dir='ltr'>huius-</span> 
     </span>
     <span class='ocr_line' id='line_1_34' title="bbox 282 2279 1915 2322; baseline 0 -10"><span class='ocrx_word' id='word_1_314' title='bbox 282 2281 383 2313; x_wconf 85' lang='lat' dir='ltr'>modi</span> <span class='ocrx_word' id='word_1_315' title='bbox 420 2279 635 2313; x_wconf 87' lang='lat' dir='ltr'>litterarum</span> <span class='ocrx_word' id='word_1_316' title='bbox 673 2281 711 2313; x_wconf 88' lang='lat' dir='ltr'>et</span> <span class='ocrx_word' id='word_1_317' title='bbox 748 2280 989 2313; x_wconf 88' lang='lat' dir='ltr'>instrumenti</span> <span class='ocrx_word' id='word_1_318' title='bbox 1028 2282 1249 2313; x_wconf 79' lang='lat' dir='ltr'>executores</span> <span class='ocrx_word' id='word_1_319' title='bbox 1287 2290 1355 2322; x_wconf 88' lang='lat' dir='ltr'>pro</span> <span class='ocrx_word' id='word_1_320' title='bbox 1396 2281 1660 2313; x_wconf 90' lang='lat' dir='ltr'>contentorum</span> <span class='ocrx_word' id='word_1_321' title='bbox 1698 2280 1738 2312; x_wconf 90' lang='lat' dir='ltr'>in</span> <span class='ocrx_word' id='word_1_322' title='bbox 1773 2280 1915 2313; x_wconf 87' lang='lat' dir='ltr'>eisdem</span> 
     </span>
     <span class='ocr_line' id='line_1_35' title="bbox 282 2335 1915 2377; baseline -0.001 -9"><span class='ocrx_word' id='word_1_323' title='bbox 282 2336 516 2374; x_wconf 75' lang='lat' dir='ltr'>executione,</span> <span class='ocrx_word' id='word_1_324' title='bbox 531 2336 644 2376; x_wconf 89' lang='lat' dir='ltr'>prout</span> <span class='ocrx_word' id='word_1_325' title='bbox 669 2335 760 2376; x_wconf 88' lang='lat' dir='ltr'>ipsis</span> <span class='ocrx_word' id='word_1_326' title='bbox 776 2335 970 2377; x_wconf 87' lang='lat' dir='ltr'>incumbit,</span> <span class='ocrx_word' id='word_1_327' title='bbox 988 2336 1150 2377; x_wconf 85' lang='lat' dir='ltr'>juridice</span> <span class='ocrx_word' id='word_1_328' title='bbox 1168 2336 1292 2368; x_wconf 90' lang='lat' dir='ltr'>fienda</span> <span class='ocrx_word' id='word_1_329' title='bbox 1308 2336 1383 2368; x_wconf 82' lang='lat' dir='ltr'>tani</span> <span class='ocrx_word' id='word_1_330' title='bbox 1400 2335 1439 2367; x_wconf 91' lang='lat' dir='ltr'>in</span> <span class='ocrx_word' id='word_1_331' title='bbox 1453 2335 1609 2368; x_wconf 87' lang='lat' dir='ltr'>ciuitate</span> <span class='ocrx_word' id='word_1_332' title='bbox 1626 2335 1786 2368; x_wconf 87' lang='lat' dir='ltr'>Metensi</span> <span class='ocrx_word' id='word_1_333' title='bbox 1803 2343 1915 2376; x_wconf 87' lang='lat' dir='ltr'>quam</span> 
     </span>
     <span class='ocr_line' id='line_1_36' title="bbox 282 2389 1916 2432; baseline -0.001 -9"><span class='ocrx_word' id='word_1_334' title='bbox 282 2390 322 2423; x_wconf 93' lang='lat' dir='ltr'>in</span> <span class='ocrx_word' id='word_1_335' title='bbox 339 2390 422 2432; x_wconf 78' lang='lat' dir='ltr'>aliJ&#39;s</span> <span class='ocrx_word' id='word_1_336' title='bbox 438 2390 530 2423; x_wconf 86' lang='lat' dir='ltr'>locis</span> <span class='ocrx_word' id='word_1_337' title='bbox 547 2390 719 2429; x_wconf 79' lang='lat' dir='ltr'>diuersis,</span> <span class='ocrx_word' id='word_1_338' title='bbox 735 2390 844 2423; x_wconf 91' lang='lat' dir='ltr'>dictis</span> <span class='ocrx_word' id='word_1_339' title='bbox 862 2390 999 2423; x_wconf 90' lang='lat' dir='ltr'>litteris</span> <span class='ocrx_word' id='word_1_340' title='bbox 1016 2392 1054 2424; x_wconf 90' lang='lat' dir='ltr'>et</span> <span class='ocrx_word' id='word_1_341' title='bbox 1076 2391 1326 2424; x_wconf 89' lang='lat' dir='ltr'>instrumento</span> <span class='ocrx_word' id='word_1_342' title='bbox 1351 2391 1416 2423; x_wconf 86' lang='lat' dir='ltr'>aut</span> <span class='ocrx_word' id='word_1_343' title='bbox 1428 2390 1595 2432; x_wconf 85' lang='lat' dir='ltr'>ipsarum</span> <span class='ocrx_word' id='word_1_344' title='bbox 1612 2391 1650 2423; x_wconf 89' lang='lat' dir='ltr'>et</span> <span class='ocrx_word' id='word_1_345' title='bbox 1667 2389 1748 2423; x_wconf 89' lang='lat' dir='ltr'>eius</span> <span class='ocrx_word' id='word_1_346' title='bbox 1763 2390 1863 2423; x_wconf 89' lang='lat' dir='ltr'>veris</span> <span class='ocrx_word' id='word_1_347' title='bbox 1877 2390 1916 2423; x_wconf 90' lang='lat' dir='ltr'>et</span> 
     </span>
     <span class='ocr_line' id='line_1_37' title="bbox 282 2444 1913 2488; baseline 0 -11"><span class='ocrx_word' id='word_1_348' title='bbox 282 2444 463 2488; x_wconf 83' lang='lat' dir='ltr'>legitimis</span> <span class='ocrx_word' id='word_1_349' title='bbox 495 2445 751 2486; x_wconf 84' lang='lat' dir='ltr'>transumptis,</span> <span class='ocrx_word' id='word_1_350' title='bbox 784 2446 996 2478; x_wconf 89' lang='lat' dir='ltr'>necessario</span> <span class='ocrx_word' id='word_1_351' title='bbox 1035 2446 1269 2488; x_wconf 86' lang='lat' dir='ltr'>indigebant.</span> <span class='ocrx_word' id='word_1_352' title='bbox 1304 2446 1361 2478; x_wconf 90' lang='lat' dir='ltr'>Ad</span> <span class='ocrx_word' id='word_1_353' title='bbox 1393 2454 1487 2486; x_wconf 89' lang='lat' dir='ltr'>quos</span> <span class='ocrx_word' id='word_1_354' title='bbox 1512 2445 1664 2486; x_wconf 88' lang='lat' dir='ltr'>quidem</span> <span class='ocrx_word' id='word_1_355' title='bbox 1692 2445 1913 2478; x_wconf 83' lang='lat' dir='ltr'>executores</span> 
     </span>
     <span class='ocr_line' id='line_1_38' title="bbox 283 2499 1913 2542; baseline 0 -10"><span class='ocrx_word' id='word_1_356' title='bbox 283 2502 395 2542; x_wconf 87' lang='lat' dir='ltr'>atque</span> <span class='ocrx_word' id='word_1_357' title='bbox 411 2499 505 2539; x_wconf 88' lang='lat' dir='ltr'>loca,</span> <span class='ocrx_word' id='word_1_358' title='bbox 524 2500 670 2532; x_wconf 83' lang='lat' dir='ltr'>viarum</span> <span class='ocrx_word' id='word_1_359' title='bbox 687 2501 840 2533; x_wconf 87' lang='lat' dir='ltr'>attentis</span> <span class='ocrx_word' id='word_1_360' title='bbox 867 2501 980 2542; x_wconf 84' lang='lat' dir='ltr'>varijs</span> <span class='ocrx_word' id='word_1_361' title='bbox 1004 2502 1042 2534; x_wconf 91' lang='lat' dir='ltr'>et</span> <span class='ocrx_word' id='word_1_362' title='bbox 1066 2501 1223 2542; x_wconf 75' lang='lat' dir='ltr'>notoriis</span> <span class='ocrx_word' id='word_1_363' title='bbox 1247 2500 1495 2533; x_wconf 85' lang='lat' dir='ltr'>incommodis</span> <span class='ocrx_word' id='word_1_364' title='bbox 1511 2501 1589 2533; x_wconf 89' lang='lat' dir='ltr'>tam</span> <span class='ocrx_word' id='word_1_365' title='bbox 1606 2500 1764 2542; x_wconf 87' lang='lat' dir='ltr'>propter</span> <span class='ocrx_word' id='word_1_366' title='bbox 1780 2500 1913 2542; x_wconf 84' lang='lat' dir='ltr'>gentes</span> 
     </span>
     <span class='ocr_line' id='line_1_39' title="bbox 283 2554 1913 2597; baseline 0 -10"><span class='ocrx_word' id='word_1_367' title='bbox 283 2564 474 2588; x_wconf 86' lang='lat' dir='ltr'>armorum</span> <span class='ocrx_word' id='word_1_368' title='bbox 491 2565 589 2587; x_wconf 89' lang='lat' dir='ltr'>nunc</span> <span class='ocrx_word' id='word_1_369' title='bbox 613 2555 730 2596; x_wconf 87' lang='lat' dir='ltr'>proch</span> <span class='ocrx_word' id='word_1_370' title='bbox 748 2555 856 2588; x_wconf 89' lang='lat' dir='ltr'>dolor</span> <span class='ocrx_word' id='word_1_371' title='bbox 871 2556 1032 2597; x_wconf 91' lang='lat' dir='ltr'>vndique</span> <span class='ocrx_word' id='word_1_372' title='bbox 1057 2556 1311 2589; x_wconf 88' lang='lat' dir='ltr'>discurrentes</span> <span class='ocrx_word' id='word_1_373' title='bbox 1328 2564 1439 2597; x_wconf 86' lang='lat' dir='ltr'>quam</span> <span class='ocrx_word' id='word_1_374' title='bbox 1464 2554 1571 2594; x_wconf 90' lang='lat' dir='ltr'>alias,</span> <span class='ocrx_word' id='word_1_375' title='bbox 1586 2555 1773 2588; x_wconf 86' lang='lat' dir='ltr'>antedicte</span> <span class='ocrx_word' id='word_1_376' title='bbox 1785 2554 1913 2587; x_wconf 85' lang='lat' dir='ltr'>littere</span> 
     </span>
     <span class='ocr_line' id='line_1_40' title="bbox 284 2609 1914 2652; baseline 0 -10"><span class='ocrx_word' id='word_1_377' title='bbox 284 2610 488 2652; x_wconf 84' lang='lat' dir='ltr'>originales</span> <span class='ocrx_word' id='word_1_378' title='bbox 512 2611 550 2642; x_wconf 90' lang='lat' dir='ltr'>et</span> <span class='ocrx_word' id='word_1_379' title='bbox 576 2611 869 2643; x_wconf 87' lang='lat' dir='ltr'>instrumentum</span> <span class='ocrx_word' id='word_1_380' title='bbox 896 2612 1089 2644; x_wconf 89' lang='lat' dir='ltr'>commode</span> <span class='ocrx_word' id='word_1_381' title='bbox 1107 2611 1303 2652; x_wconf 82' lang='lat' dir='ltr'>transferrj</span> <span class='ocrx_word' id='word_1_382' title='bbox 1323 2620 1397 2643; x_wconf 90' lang='lat' dir='ltr'>non</span> <span class='ocrx_word' id='word_1_383' title='bbox 1421 2611 1596 2651; x_wconf 86' lang='lat' dir='ltr'>poterant</span> <span class='ocrx_word' id='word_1_384' title='bbox 1623 2610 1763 2651; x_wconf 86' lang='lat' dir='ltr'>absque</span> <span class='ocrx_word' id='word_1_385' title='bbox 1784 2609 1914 2652; x_wconf 87' lang='lat' dir='ltr'>perdi-</span> 
     </span>
     <span class='ocr_line' id='line_1_41' title="bbox 283 2664 1912 2708; baseline 0.001 -12"><span class='ocrx_word' id='word_1_386' title='bbox 283 2665 400 2697; x_wconf 69' lang='lat' dir='ltr'>cionis</span> <span class='ocrx_word' id='word_1_387' title='bbox 429 2666 493 2697; x_wconf 88' lang='lat' dir='ltr'>aut</span> <span class='ocrx_word' id='word_1_388' title='bbox 509 2664 635 2697; x_wconf 88' lang='lat' dir='ltr'>totalis</span> <span class='ocrx_word' id='word_1_389' title='bbox 666 2666 931 2698; x_wconf 88' lang='lat' dir='ltr'>destructionis</span> <span class='ocrx_word' id='word_1_390' title='bbox 957 2666 1176 2699; x_wconf 89' lang='lat' dir='ltr'>earumdem</span> <span class='ocrx_word' id='word_1_391' title='bbox 1205 2665 1375 2708; x_wconf 86' lang='lat' dir='ltr'>periculo</span> <span class='ocrx_word' id='word_1_392' title='bbox 1402 2666 1633 2707; x_wconf 78' lang='lat' dir='ltr'>permaximo</span> <span class='ocrx_word' id='word_1_393' title='bbox 1654 2675 1663 2707; x_wconf 80' lang='lat'><em>3</em></span> <span class='ocrx_word' id='word_1_394' title='bbox 1688 2674 1761 2706; x_wconf 87' lang='lat' dir='ltr'>que</span> <span class='ocrx_word' id='word_1_395' title='bbox 1786 2666 1912 2699; x_wconf 85' lang='lat' dir='ltr'>tamen</span> 
     </span>
     <span class='ocr_line' id='line_1_42' title="bbox 281 2719 1913 2762; baseline 0.001 -11"><span class='ocrx_word' id='word_1_396' title='bbox 281 2719 408 2753; x_wconf 87' lang='lat' dir='ltr'>littere</span> <span class='ocrx_word' id='word_1_397' title='bbox 426 2719 631 2762; x_wconf 85' lang='lat' dir='ltr'>originales</span> <span class='ocrx_word' id='word_1_398' title='bbox 663 2721 701 2753; x_wconf 87' lang='lat' dir='ltr'>et</span> <span class='ocrx_word' id='word_1_399' title='bbox 727 2721 1030 2761; x_wconf 87' lang='lat' dir='ltr'>instrumentum,</span> <span class='ocrx_word' id='word_1_400' title='bbox 1061 2722 1093 2754; x_wconf 91' lang='lat' dir='ltr'>si</span> <span class='ocrx_word' id='word_1_401' title='bbox 1120 2721 1206 2754; x_wconf 89' lang='lat' dir='ltr'>illas</span> <span class='ocrx_word' id='word_1_402' title='bbox 1234 2722 1271 2754; x_wconf 88' lang='lat' dir='ltr'>et</span> <span class='ocrx_word' id='word_1_403' title='bbox 1297 2721 1392 2753; x_wconf 89' lang='lat' dir='ltr'>illud</span> <span class='ocrx_word' id='word_1_404' title='bbox 1419 2720 1541 2753; x_wconf 89' lang='lat' dir='ltr'>amitti</span> <span class='ocrx_word' id='word_1_405' title='bbox 1568 2719 1627 2753; x_wconf 90' lang='lat' dir='ltr'>vel</span> <span class='ocrx_word' id='word_1_406' title='bbox 1652 2720 1797 2753; x_wconf 88' lang='lat' dir='ltr'>destrui</span> <span class='ocrx_word' id='word_1_407' title='bbox 1824 2729 1913 2752; x_wconf 87' lang='lat' dir='ltr'>casu</span> 
     </span>
     <span class='ocr_line' id='line_1_43' title="bbox 280 2773 1913 2818; baseline 0.001 -12"><span class='ocrx_word' id='word_1_408' title='bbox 280 2775 436 2807; x_wconf 80' lang='lat' dir='ltr'>fortuito</span> <span class='ocrx_word' id='word_1_409' title='bbox 465 2775 714 2816; x_wconf 86' lang='lat' dir='ltr'>contingeret,</span> <span class='ocrx_word' id='word_1_410' title='bbox 745 2777 853 2808; x_wconf 83' lang='lat' dir='ltr'>extra</span> <span class='ocrx_word' id='word_1_411' title='bbox 879 2776 1090 2809; x_wconf 86' lang='lat' dir='ltr'>Romanam</span> <span class='ocrx_word' id='word_1_412' title='bbox 1122 2776 1265 2808; x_wconf 89' lang='lat' dir='ltr'>curiam</span> <span class='ocrx_word' id='word_1_413' title='bbox 1297 2776 1334 2808; x_wconf 92' lang='lat' dir='ltr'>et</span> <span class='ocrx_word' id='word_1_414' title='bbox 1365 2775 1446 2808; x_wconf 90' lang='lat' dir='ltr'>sine</span> <span class='ocrx_word' id='word_1_415' title='bbox 1477 2775 1624 2818; x_wconf 89' lang='lat' dir='ltr'>magnis</span> <span class='ocrx_word' id='word_1_416' title='bbox 1654 2773 1846 2807; x_wconf 89' lang='lat' dir='ltr'>laboribus</span> <span class='ocrx_word' id='word_1_417' title='bbox 1875 2775 1913 2807; x_wconf 89' lang='lat' dir='ltr'>et</span> 
     </span>
     <span class='ocr_line' id='line_1_44' title="bbox 281 2829 1913 2873; baseline 0.001 -11"><span class='ocrx_word' id='word_1_418' title='bbox 281 2830 454 2871; x_wconf 76' lang='lat' dir='ltr'>expensis</span> <span class='ocrx_word' id='word_1_419' title='bbox 485 2829 725 2872; x_wconf 87' lang='lat' dir='ltr'>originaliter</span> <span class='ocrx_word' id='word_1_420' title='bbox 753 2832 971 2872; x_wconf 88' lang='lat' dir='ltr'>recuperari</span> <span class='ocrx_word' id='word_1_421' title='bbox 1004 2841 1079 2863; x_wconf 91' lang='lat' dir='ltr'>non</span> <span class='ocrx_word' id='word_1_422' title='bbox 1109 2831 1273 2873; x_wconf 88' lang='lat' dir='ltr'>possent.</span> <span class='ocrx_word' id='word_1_423' title='bbox 1308 2830 1546 2872; x_wconf 84' lang='lat' dir='ltr'>Quapropter</span> <span class='ocrx_word' id='word_1_424' title='bbox 1576 2830 1698 2863; x_wconf 87' lang='lat' dir='ltr'>dictus</span> <span class='ocrx_word' id='word_1_425' title='bbox 1728 2829 1913 2872; x_wconf 86' lang='lat' dir='ltr'>magister</span> 
     </span>
     <span class='ocr_line' id='line_1_45' title="bbox 280 2884 1911 2928; baseline 0.001 -12"><span class='ocrx_word' id='word_1_426' title='bbox 280 2884 457 2924; x_wconf 77' lang='lat' dir='ltr'>Absalon‚</span> <span class='ocrx_word' id='word_1_427' title='bbox 473 2885 623 2918; x_wconf 92' lang='lat' dir='ltr'>nomine</span> <span class='ocrx_word' id='word_1_428' title='bbox 637 2885 754 2926; x_wconf 91' lang='lat' dir='ltr'>ipsius</span> <span class='ocrx_word' id='word_1_429' title='bbox 767 2886 968 2919; x_wconf 87' lang='lat' dir='ltr'>reuerendi</span> <span class='ocrx_word' id='word_1_430' title='bbox 981 2887 1111 2928; x_wconf 86' lang='lat' dir='ltr'>patris,</span> <span class='ocrx_word' id='word_1_431' title='bbox 1131 2887 1238 2918; x_wconf 90' lang='lat' dir='ltr'>nobis</span> <span class='ocrx_word' id='word_1_432' title='bbox 1251 2885 1447 2918; x_wconf 87' lang='lat' dir='ltr'>humiliter</span> <span class='ocrx_word' id='word_1_433' title='bbox 1459 2885 1698 2927; x_wconf 86' lang='lat' dir='ltr'>supplicauit,</span> <span class='ocrx_word' id='word_1_434' title='bbox 1712 2895 1779 2918; x_wconf 92' lang='lat' dir='ltr'>nos</span> <span class='ocrx_word' id='word_1_435' title='bbox 1796 2884 1911 2918; x_wconf 85' lang='lat' dir='ltr'>etiam</span> 
     </span>
     <span class='ocr_line' id='line_1_46' title="bbox 281 2939 1911 2984; baseline 0.001 -13"><span class='ocrx_word' id='word_1_436' title='bbox 281 2939 408 2972; x_wconf 79' lang='lat' dir='ltr'>debita</span> <span class='ocrx_word' id='word_1_437' title='bbox 420 2949 504 2972; x_wconf 87' lang='lat' dir='ltr'>cum</span> <span class='ocrx_word' id='word_1_438' title='bbox 517 2941 698 2973; x_wconf 86' lang='lat' dir='ltr'>instantia</span> <span class='ocrx_word' id='word_1_439' title='bbox 709 2941 949 2982; x_wconf 87' lang='lat' dir='ltr'>requirendo,</span> <span class='ocrx_word' id='word_1_440' title='bbox 976 2942 1160 2984; x_wconf 90' lang='lat' dir='ltr'>quatenus</span> <span class='ocrx_word' id='word_1_441' title='bbox 1177 2941 1295 2974; x_wconf 89' lang='lat' dir='ltr'>dictas</span> <span class='ocrx_word' id='word_1_442' title='bbox 1319 2940 1468 2974; x_wconf 87' lang='lat' dir='ltr'>litteras</span> <span class='ocrx_word' id='word_1_443' title='bbox 1484 2942 1522 2974; x_wconf 90' lang='lat' dir='ltr'>et</span> <span class='ocrx_word' id='word_1_444' title='bbox 1537 2940 1829 2974; x_wconf 87' lang='lat' dir='ltr'>instrumentum</span> <span class='ocrx_word' id='word_1_445' title='bbox 1842 2948 1911 2982; x_wconf 87' lang='lat' dir='ltr'>per</span> 
     </span>
     <span class='ocr_line' id='line_1_47' title="bbox 281 2994 1908 3039; baseline 0.001 -12"><span class='ocrx_word' id='word_1_446' title='bbox 281 2994 400 3028; x_wconf 83' lang='lat' dir='ltr'>dictos</span> <span class='ocrx_word' id='word_1_447' title='bbox 417 2995 583 3029; x_wconf 85' lang='lat' dir='ltr'>notarios</span> <span class='ocrx_word' id='word_1_448' title='bbox 607 2995 778 3037; x_wconf 82' lang='lat' dir='ltr'>publicos</span> <span class='ocrx_word' id='word_1_449' title='bbox 796 2996 979 3038; x_wconf 82' lang='lat' dir='ltr'>transumj</span> <span class='ocrx_word' id='word_1_450' title='bbox 1000 2997 1038 3031; x_wconf 90' lang='lat' dir='ltr'>et</span> <span class='ocrx_word' id='word_1_451' title='bbox 1059 2996 1224 3031; x_wconf 86' lang='lat' dir='ltr'>fideliter</span> <span class='ocrx_word' id='word_1_452' title='bbox 1240 2995 1461 3039; x_wconf 85' lang='lat' dir='ltr'>exemplarj,</span> <span class='ocrx_word' id='word_1_453' title='bbox 1477 3005 1520 3030; x_wconf 87' lang='lat' dir='ltr'>ae</span> <span class='ocrx_word' id='word_1_454' title='bbox 1537 3004 1667 3030; x_wconf 86' lang='lat' dir='ltr'>earum</span> <span class='ocrx_word' id='word_1_455' title='bbox 1679 2996 1908 3038; x_wconf 84' lang='lat' dir='ltr'>transsump-</span> 
     </span>
    </p>
   </div>
  </div>
 </body>
</html>
