2050 3470
766 247 903 284 ANNO
929 246 1013 282 1308
1656 247 1720 286 179

92 358 131 392 et
146 367 344 402 pauperes,
369 359 408 392 et
424 357 508 392 ideo
533 358 752 393 cohabitant
768 369 834 394 seu
863 360 972 394 simul
991 359 1102 401 stant,
1121 361 1162 394 ut
1178 359 1313 395 melius
1344 371 1384 395 se
1417 361 1642 396 sustentent.
1671 362 1721 396 Et

90 416 248 456 propter
274 414 388 447 talem
412 423 562 448 causam
581 416 712 449 tenues
736 425 920 458 personae
949 417 1105 458 possunt
1131 415 1272 450 habere
1301 417 1517 460 collegium,
1546 418 1584 451 et
1608 417 1720 451 colle-

91 469 196 512 gium
209 469 422 503 tenuiorum
440 471 497 502 est
513 471 749 512 permissum,
776 472 816 504 ut
841 471 884 504 L.
901 472 930 505 I.
950 472 973 512 ἓ
989 472 1005 504 Ι
1021 472 1058 505 ff.
1085 472 1130 505 de
1155 472 1240 505 coll.
1270 471 1345 512 Illi,
1365 473 1570 506 secundum
1588 473 1718 506 Barto-

93 524 171 557 lum
194 525 233 557 in
247 524 384 557 dictam
399 524 438 557 L.
459 525 494 557 fi.
511 525 607 558 Itcm
625 526 719 559 istae
733 535 917 568 personae
935 528 1091 568 propter
1114 526 1185 559 1100
1210 526 1320 560 simul
1339 528 1440 560 stant
1456 527 1514 561 vel
1533 527 1719 568 habitant,

91 580 144 619 ut,
160 579 352 620 acquisitis
384 581 618 619 necessariis,
648 580 782 613 melius
814 582 893 614 Deo
922 582 1098 621 serviant,
1118 583 1154 614 id
1184 583 1252 621 est,
1286 592 1398 615 causa
1424 582 1623 625 religionis
1655 583 1721 616 aut

91 632 312 665 devotionis.
346 631 515 675 Collegia
544 635 684 675 autem,
717 642 812 674 quae
837 634 931 666 fiunt
964 643 1076 667 causa
1099 633 1300 677 religionis
1328 637 1365 668 et
1382 636 1604 676 devotionis,
1633 644 1716 677 per-

90 687 204 720 missa
236 687 323 719 sunt
349 688 388 720 et
414 686 529 720 licita.
561 688 598 720 ff.
629 689 674 721 de
703 688 788 721 coll.
816 688 869 720 ill.
900 689 929 722 I.
960 688 990 721 Ι.
1020 689 1043 730 ἓ
1070 689 1312 732 Religionis,
1342 691 1383 722 ut
1411 691 1518 723 notat
1544 691 1596 722 ibi
1629 690 1720 723 Bar-

90 741 189 774 tolus
213 742 252 774 in
280 742 321 775 L.
340 742 378 774 fi.
397 744 435 775 et
461 742 717 783 Innocentius,
736 745 774 776 et
797 743 883 777 Joh.
911 743 1096 784 Andreae,
1112 744 1217 778 Extr.
1237 745 1283 777 de
1301 754 1442 778 excess.
1469 744 1588 786 prael.
1607 753 1721 786 super

90 797 278 839 capitulo:
304 796 458 837 Dilecta,
476 798 514 830 ct
531 797 714 831 Ostiensis
738 799 776 831 in
803 798 967 838 Summa,
986 799 1062 833 Tit.
1091 800 1136 832 (10
1162 800 1404 833 Procurator.
1430 800 1477 833 R.
1497 800 1542 833 dc
1567 799 1718 833 Sindico

89 852 113 894 ἓ
133 851 161 885 1.
177 862 209 885 v.
229 852 296 886 Est
311 853 438 886 autem
461 853 699 894 permissum,
729 855 801 886 etc.
819 853 928 893 Item,
948 854 1046 895 quod
1072 854 1259 887 dictorum
1287 855 1514 896 scriptorum
1532 854 1589 888 vel
1608 853 1720 888 libra-

90 908 235 940 riorum
248 907 451 950 collegium
468 908 516 940 sit
533 908 770 950 permissum,
789 909 893 950 patet
905 918 973 950 per
997 908 1022 940 l.
1042 909 1079 942 fi.
1098 909 1136 949 ff,
1156 909 1262 948 Quod
1280 910 1474 950 cuiusque,
1493 910 1581 950 etc.,
1606 918 1720 952 super

91 961 204 995 verbo
220 972 228 995 :
254 961 438 995 Aliorum.
465 962 537 995 Ubi
562 964 663 1002 nota,
682 963 780 1004 quod
799 972 928 996 omnes
946 964 1047 996 artes
1064 964 1116 996 ibi
1131 964 1344 997 nominatae
1359 963 1499 997 liabent
1516 963 1720 1007 collegium

91 1017 338 1059 approbatum
358 1027 365 1050 :
395 1017 470 1050 imo
495 1018 704 1059 approbata
721 1019 807 1050 sunt
824 1017 986 1061 collegia
1003 1019 1048 1051 de
1065 1019 1141 1060 juri
1159 1019 1361 1058 communi,
1380 1019 1442 1051 ubi
1460 1018 1589 1060 plures
1607 1019 1718 1052 simul

91 1073 270 1105 exercent
293 1081 405 1105 unam
419 1073 538 1105 artem
552 1073 591 1105 in
605 1082 679 1105 uno
694 1072 774 1105 loco
793 1072 851 1105 vel
869 1073 1033 1113 civitate,
1049 1074 1089 1106 ut
1107 1075 1212 1106 notat
1230 1073 1405 1107 Bartolus
1422 1083 1535 1115 super
1560 1073 1602 1108 L.
1617 1074 1654 1107 fi.
1673 1074 1720 1107 de

91 1126 264 1169 collegio.
283 1126 379 1160 Illic.
398 1127 446 1160 Et
461 1137 529 1169 pro
554 1127 625 1160 hoc
642 1128 732 1160 facit
756 1129 836 1160 tota
859 1127 985 1170 glossa
1002 1138 1115 1170 super
1132 1129 1231 1161 dicto
1250 1129 1364 1162 verbo
1383 1140 1391 1162 :
1421 1128 1604 1162 Aliorum.
1623 1128 1720 1162 Item

90 1191 158 1224 pro
175 1182 247 1215 isto
264 1183 355 1215 facit
368 1182 493 1225 glossa
506 1183 544 1215 in
562 1183 601 1215 L.
613 1182 643 1216 1.
659 1183 696 1216 ff.
717 1183 815 1224 quod
833 1183 1027 1225 cuiusque,
1046 1184 1109 1215 ubi
1124 1185 1310 1216 formatur
1327 1184 1472 1225 questio
1491 1194 1498 1216 :
1516 1185 1574 1217 An
1592 1183 1720 1226 plures

90 1236 254 1270 scolares
278 1239 420 1270 stantes
444 1238 482 1270 in
515 1247 588 1271 una
619 1238 729 1270 domo
758 1238 904 1279 possint
927 1239 1054 1271 facere
1079 1238 1295 1281 collegium,
1325 1239 1418 1272 adeo
1448 1239 1546 1280 quod
1575 1239 1721 1280 possint

88 1293 215 1326 facere
233 1293 440 1326 sindicum?
457 1293 504 1326 Et
521 1294 725 1335 respondet
741 1292 880 1336 glossa,
899 1293 998 1334 quod
1024 1293 1088 1326 sic.
1117 1294 1208 1326 Cum
1226 1303 1299 1335 qua
1324 1294 1527 1327 concordat
1544 1293 1720 1327 Bartolus

89 1357 203 1390 super
225 1347 289 1380 vlt.
317 1348 358 1381 L.
373 1348 411 1380 ff.
431 1349 476 1381 de
490 1347 613 1387 colle,
632 1348 737 1387 illic.,
753 1357 848 1389 quae
866 1350 922 1381 cst
940 1348 1000 1381 lex
1014 1348 1159 1381 Graeca
1172 1349 1223 1381 ibi
1238 1348 1431 1382 translata.
1453 1349 1523 1382 Sed
1538 1349 1719 1390 numquid

89 1404 146 1436 est
158 1402 347 1445 illicitum,
361 1403 460 1444 quod
477 1403 529 1436 sic
543 1403 653 1436 simul
668 1403 927 1436 cohabitantes
944 1403 1057 1436 horas
1072 1404 1252 1445 temporis
1267 1404 1448 1443 dividant,
1467 1405 1598 1445 utpote
1616 1404 1715 1445 quod

89 1460 212 1492 certas
228 1458 341 1491 horas
355 1459 531 1492 ordinant
547 1459 593 1491 ad
618 1459 818 1492 servicium
837 1458 1003 1491 divinum
1021 1459 1063 1491 ut
1079 1458 1190 1491 simul
1209 1459 1340 1491 missas
1358 1459 1525 1498 audiant,
1540 1458 1718 1492 ecclesias

89 1514 254 1554 visitent,
272 1513 366 1547 alias
393 1515 519 1547 autem
536 1513 649 1546 horas
672 1523 741 1555 pro
758 1513 858 1546 victu
884 1514 922 1546 et
945 1514 1083 1546 vestitu
1101 1513 1286 1554 laborent,
1306 1513 1474 1555 aliasque
1491 1514 1608 1547 bonas
1633 1524 1718 1547 con-

89 1569 306 1602 suetudines
322 1568 432 1602 simul
451 1570 601 1602 servent
617 1570 655 1602 et
672 1569 860 1609 ordinent,
876 1569 917 1601 ut
933 1577 977 1601 eo
992 1569 1156 1610 quietius
1170 1569 1295 1602 vivant
1309 1571 1321 1602 2

132 1624 228 1658 Item
245 1625 371 1657 utrum
388 1624 436 1657 sit
452 1623 610 1665 licitum,
628 1624 726 1665 quod
751 1623 887 1665 aliquis
904 1624 1029 1666 gratia
1045 1624 1255 1665 recipiendi
1280 1623 1427 1656 consilii
1446 1625 1714 1666 temptationes

87 1688 186 1720 suas,
204 1679 397 1722 passiones
421 1679 537 1713 animi
561 1678 619 1712 vel
644 1688 818 1712 excessus
847 1679 959 1722 dicat,
978 1680 1042 1712 aut
1066 1680 1230 1720 exponat
1258 1678 1371 1712 alicui
1397 1689 1470 1711 non
1503 1680 1716 1714 sacerdoti?

129 1735 238 1775 Item,
272 1736 400 1768 utrum
428 1735 517 1768 licet
544 1735 598 1767 sic
621 1733 732 1768 simul
761 1733 1021 1768 cohabitantes
1049 1743 1088 1767 se
1119 1734 1281 1767 invicem
1313 1733 1370 1767 vel
1399 1733 1492 1767 alios
1520 1735 1714 1768 caritative

87 1790 281 1832 corripere
298 1791 336 1823 et
348 1790 551 1823 admonere
565 1792 578 1824 2

128 1846 185 1880 Ad
212 1845 376 1887 primum
403 1845 539 1878 horum
561 1845 824 1887 respondetur,
841 1845 939 1886 quod
964 1844 1081 1878 bonas
1110 1844 1368 1878 observantias
1399 1845 1437 1878 et
1461 1844 1711 1887 particulares

85 1900 377 1934 consuetudines
404 1900 549 1943 possint
576 1900 686 1933 simul
714 1900 818 1934 licite
846 1901 1046 1934 observare
1071 1909 1114 1933 ac
1146 1901 1260 1933 etiam
1289 1900 1480 1939 ordinare,
1510 1900 1712 1933 dummodo

84 1955 178 1990 alias
194 1965 269 1988 non
282 1956 357 1988 sint
370 1955 595 1998 prohibitae.
614 1955 673 1989 Ita
689 1956 790 1989 enim
807 1955 966 1997 quilibet
989 1957 1112 1997 potest
1129 1956 1260 1988 domus
1278 1955 1451 1988 dominus
1468 1964 1533 1988 seu
1550 1956 1712 1996 paterfa-

83 2010 220 2053 milias,
234 2011 274 2044 in
291 2020 358 2044 sua
375 2011 484 2044 domo
502 2012 540 2044 et
552 2010 709 2052 familia,
728 2011 932 2044 secundum
950 2011 1048 2052 quod
1066 2010 1101 2044 ei
1126 2011 1314 2053 congruit,
1333 2020 1401 2052 pro
1419 2020 1486 2043 suo
1511 2011 1634 2043 officio
1652 2010 1711 2044 vel

83 2067 265 2100 exercitio
290 2066 470 2108 quasdam
486 2065 733 2108 particulares
765 2066 1055 2099 consuetudines
1079 2065 1137 2099 vel
1163 2066 1419 2098 observantias
1445 2065 1634 2098 ordinare.
1653 2067 1711 2099 Ad

81 2120 153 2155 hoc
166 2122 266 2155 enim
279 2123 505 2164 potestatem
532 2121 673 2154 habent
688 2122 726 2155 ff.
742 2122 788 2154 de
815 2122 963 2154 verbor.
989 2121 1115 2164 signif.
1134 2120 1164 2154 1.
1184 2120 1448 2154 Pronuntiatio
1461 2121 1497 2162 ἓ.
1513 2120 1710 2155 Familiae.

80 2177 130 2211 Et
145 2176 217 2210 hoc
232 2177 332 2210 idem
357 2177 449 2209 dicit
475 2177 518 2210 B.
538 2176 701 2210 Thomas
730 2176 771 2209 in
802 2177 925 2218 prima
955 2177 1140 2210 secundae
1172 2176 1240 2214 Qu.
1270 2175 1366 2209 XCI.
1382 2176 1463 2210 Art.
1477 2175 1509 2207 3.
1535 2175 1595 2208 Sic
1608 2176 1709 2209 enim

79 2231 195 2266 habet
210 2232 410 2274 disponere
438 2232 476 2264 in
494 2232 603 2265 domo
632 2232 804 2265 dominus
822 2232 953 2265 domus
981 2242 1046 2264 suo
1075 2231 1199 2270 modo,
1225 2231 1321 2263 sicut
1334 2240 1401 2264 rex
1415 2231 1452 2263 in
1467 2240 1600 2273 regno,
1618 2231 1710 2264 dicit

80 2286 257 2329 Thomas,
273 2286 445 2326 Quodlib.
464 2287 525 2323 VI.
541 2297 604 2328 qu.
619 2286 670 2319 11.
687 2287 795 2320 Unde
812 2286 906 2320 tales
930 2287 1095 2329 privatas
1119 2286 1410 2319 consuetudines
1423 2285 1708 2327 patrisfamilias

79 2341 263 2376 Ostiensis
280 2343 319 2375 in
333 2342 497 2382 Summa,
516 2342 590 2376 Tit.
610 2343 656 2375 dc
670 2343 889 2376 consuetud.
903 2343 927 2383 ἓ
957 2341 1021 2374 vlt.
1038 2343 1075 2375 et
1089 2341 1177 2375 Joh.
1197 2341 1372 2374 Andreae
1387 2341 1425 2373 in
1442 2339 1634 2374 Summula
1661 2341 1708 2374 de

78 2398 363 2438 consuetudine,
381 2398 515 2430 vocant
531 2397 820 2431 consuetudines
843 2396 1048 2439 speciales:
1074 2397 1277 2439 praecipue
1303 2397 1429 2429 autem
1446 2396 1477 2428 si
1506 2396 1707 2430 constitue-

77 2453 155 2486 rint
171 2452 374 2496 collegium
388 2452 532 2486 licitum
550 2453 588 2486 et
603 2453 841 2494 permissum,
869 2453 966 2486 sicut
979 2453 1119 2485 dictum
1137 2453 1206 2485 est.
1221 2451 1277 2484 Ex
1291 2452 1380 2484 tunc
1396 2452 1550 2493 possent
1566 2452 1707 2484 statuta

77 2509 204 2542 facere
217 2509 256 2541 et
279 2508 566 2541 constitutiones
585 2517 698 2549 super
711 2507 782 2548 his,
800 2516 895 2549 quae
920 2508 966 2541 ad
984 2516 1115 2540 eorum
1132 2506 1297 2539 officium
1314 2506 1520 2548 pertinent,
1538 2507 1580 2538 ut
1596 2505 1620 2538 l.
1639 2505 1704 2539 vlt.

77 2572 111 2596 0.
128 2563 174 2596 de
190 2563 281 2604 in0.,
300 2563 500 2596 dummodo
526 2561 630 2596 nulla
646 2563 822 2597 ordinent
837 2562 896 2596 vel
920 2563 1099 2604 statuant,
1116 2571 1185 2603 per
1201 2570 1296 2602 quae
1313 2561 1397 2594 aliis
1410 2561 1704 2602 praeiudicatur.

78 2618 117 2652 C.
132 2619 179 2651 de
192 2617 429 2660 monopoliis‚
440 2618 478 2652 L.
491 2618 521 2651 Ι.
537 2618 737 2651 Praedicta
750 2620 875 2652 autem
893 2618 1074 2660 temporis
1091 2617 1223 2649 divisio
1242 2615 1345 2649 utilis
1359 2618 1416 2649 est
1433 2617 1470 2649 et
1487 2617 1703 2658 expediens.

76 2672 181 2706 Unde
197 2673 431 2716 Augustinus
448 2674 485 2706 in
504 2673 600 2706 libro
625 2674 671 2706 de
696 2683 810 2715 opere
828 2673 1122 2706 Monachorum:
1153 2671 1304 2713 Optima
1328 2672 1386 2704 est
1407 2671 1646 2714 gubernatio,
1665 2672 1706 2704 ut

77 2729 203 2762 omnia
219 2729 296 2761 suis
312 2729 544 2771 temporibus
573 2729 773 2762 distributa
799 2730 982 2772 gerantur
1006 2737 1052 2762 ex
1078 2727 1223 2768 ordine,
1253 2736 1299 2760 ne
1313 2726 1428 2760 animi
1453 2725 1704 2760 humanorum

76 2783 304 2817 turbulentis
319 2783 640 2825 implicationibus
657 2783 815 2817 involuti
832 2784 1114 2826 perturbentur.

118 2839 174 2872 Ad
189 2838 290 2872 aliud
308 2839 458 2873 dicitur.
474 2838 593 2879 Quod,
610 2838 698 2872 licet
716 2840 900 2872 confessio
915 2837 1210 2877 sacramentalis,
1235 2847 1308 2879 qua
1327 2837 1375 2870 sit
1393 2838 1567 2879 respectu
1587 2836 1704 2871 eccle-

75 2893 152 2927 siae
169 2893 427 2927 reconciliatio
446 2903 510 2927 seu
525 2903 592 2936 per
609 2893 731 2928 claves
745 2894 930 2928 absolutio
945 2895 983 2927 et
998 2894 1254 2936 poenitentiae
1272 2893 1468 2935 injunctio,
1484 2892 1604 2926 solum
1620 2893 1703 2927 fieri

75 2949 211 2983 debeat
241 2950 427 2983 sacerdoti
453 2948 576 2984 claves
604 2952 642 2984 ct
664 2950 946 2992 juridictionem
974 2949 1141 2990 habenti,
1160 2948 1268 2983 Extr.
1287 2949 1332 2983 de
1357 2949 1473 2991 penit.
1500 2950 1539 2983 ct
1566 2958 1619 2982 re.
1649 2949 1705 2990 C.,
