2050 3470
213 296 252 329 1⁴2
854 297 990 332 ANNO
1017 297 1201 331 1175-1177

881 444 940 486 12
981 439 1146 501 (ciete).

269 573 325 628 (c.
357 574 606 622 1175-1177,
645 572 765 614 Luik
785 572 822 628 .2)
844 571 1154 615 Smeekschrift
1170 571 1341 628 gericht
1373 575 1439 616 tot
1471 573 1551 616 den
1586 587 1693 629 paus
1724 573 1830 616 door

210 641 261 683 de
284 640 516 695 vervolgde
539 640 814 696 aanhangers
840 654 921 682 van
946 640 1026 682 den
1049 640 1295 684 Luikschen
1328 641 1514 698 priester
1547 644 1750 688 Lambert
1789 646 1828 688 le

209 708 371 764 Begue,
391 722 458 751 om
477 709 568 750 zich
592 712 634 750 te
656 708 869 763 beklagen
894 722 998 750 over
1022 708 1071 750 de
1094 709 1484 768 onrechtvaardige
1507 712 1828 756 kettervervol-

208 779 327 834 ging,
369 790 574 820 waarvan
608 777 665 834 hij
706 791 760 818 en
803 777 854 832 zij
896 777 947 818 de
985 777 1258 821 slachtoffers
1294 779 1378 835 zijn
1417 785 1626 836 geweest.
1649 783 1828 825 ——Dien

208 845 550 902 godvruchtigen
590 858 641 887 en
681 858 905 887 eerzamen
943 846 1127 900 priester
1161 849 1424 903 vervolgden
1457 850 1569 907 zijne
1602 851 1823 908 vijanden,

209 915 350 957 omdat
375 914 432 971 hij
454 915 496 956 in
520 914 631 970 zijne
650 913 933 970 predikingen
960 914 1034 957 het
1057 914 1159 957 volk
1192 918 1255 959 tot
1279 916 1330 959 de
1353 917 1493 974 deugd
1525 933 1578 962 en
1601 920 1676 963 het
1708 934 1828 963 ware

208 984 355 1041 geloof
373 984 562 1027 trachtte
580 986 708 1038 terug
731 986 774 1025 te
793 981 1003 1038 brengen.
1039 983 1098 1039 Zij
1134 983 1349 1041 klaagden
1374 987 1471 1029 hem
1503 988 1569 1030 als
1592 987 1740 1032 ketter
1770 987 1826 1046 bij

207 1054 289 1095 den
314 1052 511 1108 bisschop
535 1066 632 1101 aan,
672 1051 739 1094 die
767 1051 927 1093 zonder
950 1051 1049 1094 hem
1093 1056 1135 1094 te
1174 1053 1338 1096 hooren
1376 1056 1476 1098 hem
1514 1060 1631 1099 eerst
1667 1056 1711 1099 in
1743 1056 1830 1114 ziJn

206 1121 472 1178 priesterlijk
491 1120 606 1164 ambt
629 1121 826 1163 schorste
859 1133 912 1162 en
935 1120 1033 1162 hem
1066 1122 1326 1177 vervolgens
1365 1122 1470 1167 νὸόῐ·
1507 1124 1602 1167 zich
1633 1125 1710 1167 liet
1731 1138 1830 1168 ver-

205 1191 400 1246 schijnen
419 1203 471 1232 en
494 1190 558 1232 als
590 1189 736 1232 ketter
759 1188 1077 1240 veroordeelde‚
1116 1189 1327 1234 alhoewel
1360 1191 1419 1249 hij
1446 1192 1501 1251 bij
1527 1194 1609 1237 den
1641 1208 1747 1251 paus
1785 1195 1829 1238 in

206 1259 362 1314 beroep
385 1272 477 1301 was
510 1271 693 1314 gegaan.
724 1257 844 1314 Zijne
867 1257 1143 1313 aanhangers
1179 1260 1355 1303 werden
1390 1259 1495 1304 voor
1528 1277 1633 1306 eene
1666 1263 1831 1322 synode

205 1327 416 1384 gedaagd,
458 1326 713 1382 onschuldig
745 1325 968 1368 bevonden
1002 1340 1055 1368 en
1087 1327 1188 1370 toch
1211 1330 1444 1384 gepraamd
1468 1344 1536 1373 om
1559 1331 1673 1389 zijne
1705 1332 1826 1388 inge-

205 1396 353 1439 beelde
370 1395 619 1451 dwalingen
636 1394 685 1438 af
700 1398 744 1438 te
761 1408 887 1450 gaan,
907 1395 1070 1451 terwijl
1090 1396 1180 1438 hun
1213 1398 1460 1454 geweigerd
1483 1400 1606 1442 werd
1623 1400 1706 1443 den
1727 1400 1833 1443 raad

206 1479 291 1508 van
313 1465 628 1521 godgeleerden
646 1465 689 1507 in
713 1468 755 1508 te
778 1477 953 1519 roepen.
989 1465 1262 1521 Vervolgens
1296 1467 1471 1511 werden
1493 1468 1546 1525 zij
1574 1482 1659 1512 van
1681 1468 1828 1512 hunne

202 1537 455 1594 geestelijke
487 1536 659 1580 ambten
691 1535 913 1578 vervallen
946 1535 1178 1579 verklaard
1201 1550 1256 1579 en
1279 1538 1342 1581 uit
1375 1539 1449 1582 het
1472 1538 1638 1583 bisdom
1661 1538 1825 1596 geban-

204 1619 306 1650 nen.
332 1606 391 1662 Zij
411 1605 613 1648 smeeken
634 1604 716 1647 den
739 1618 845 1660 paus
864 1616 932 1646 om
954 1603 1058 1659 hulp
1082 1618 1136 1647 en
1154 1604 1472 1664 bescherming.

497 1698 736 1736 Qum-{monia
759 1705 1017 1740 oppressorum
1034 1705 1106 1739 pro
1131 1696 1258 1729 codem
1283 1697 1522 1743 [Lambcrto]

246 1775 341 1813 Quia
364 1775 401 1810 in
434 1774 533 1806 omni
562 1772 849 1805 tribulationum
881 1771 1067 1813 angustia,
1098 1781 1162 1813 spe
1202 1772 1248 1804 ad
1280 1772 1457 1806 solatium
1481 1784 1643 1817 superne
1674 1776 1831 1818 pietatis

205 1830 430 1862 currendum
448 1830 515 1867 est,
534 1829 572 1860 in
587 1828 678 1866 Deo,
695 1827 732 1859 in
750 1836 822 1868 quo
844 1827 963 1859 omnis
977 1826 1077 1859 salus
1091 1828 1127 1859 et
1141 1836 1224 1868 spes
1239 1828 1420 1868 consistit,
1436 1829 1536 1862 salus
1550 1831 1679 1863 nostra
1696 1831 1734 1864 et
1746 1839 1830 1872 spes

202 1887 330 1918 nostra
347 1885 384 1916 in
412 1893 454 1917 eo
481 1885 549 1916 cst.
569 1882 716 1921 Quanta
733 1884 770 1914 et
787 1879 888 1922 quali
907 1880 1083 1922 angustia
1101 1881 1326 1921 quantisque
1351 1882 1637 1916 tribulationum
1653 1883 1830 1925 procellis
1860 1880 1863 1884 '

204 1940 331 1973 afflicti
358 1949 496 1978 sumus,
515 1937 733 1980 paternitati
750 1938 874 1969 vestre
898 1937 935 1968 et
951 1935 1156 1968 universali
1181 1935 1386 1969 aecclesiae
1412 1946 1525 1978 super
1549 1938 1699 1979 inJ'uriis
1722 1939 1830 1971 nobis

206 1995 320 2027 illatis
337 1997 374 2027 et
388 1994 586 2026 immeritis
600 1994 842 2025 manifestare
856 1992 1012 2033 dignum
1029 1991 1216 2023 duximus
1233 1990 1391 2029 Quidam
1408 1993 1594 2033 sacerdos,
1609 1993 1830 2027 Lambertus

206 2051 337 2089 dictus,
371 2050 408 2082 in
442 2049 641 2082 Leodiensi
675 2048 826 2080 civitate
857 2045 1144 2079 sacerdotaliter
1173 2046 1313 2087 vivens,
1333 2047 1429 2079 bone
1446 2047 1634 2089 opinionis
1651 2049 1688 2081 et
1702 2049 1830 2082 sancte

204 2104 400 2146 religionis
418 2106 496 2136 tum
520 2103 675 2142 clerum,
696 2104 775 2134 tum
799 2102 978 2144 populum
1003 2111 1025 2134 a
1041 2101 1143 2134 cultu
1162 2101 1231 2134 Dei
1258 2102 1496 2135 recedentem
1513 2103 1551 2135 et
1566 2104 1830 2146 ignominiosis

205 2160 397 2201 questibus
426 2168 447 2191 a
472 2159 550 2191 Deo
579 2158 785 2191 alienatum
812 2166 955 2189 summo
986 2156 1108 2189 studio
1134 2165 1311 2189 revocare
1339 2158 1495 2188 conatus
1527 2157 1595 2190 est.
1629 2156 1701 2190 Sed
1740 2157 1829 2198 quia

205 2215 372 2256 dispares
396 2223 520 2246 mores
546 2213 711 2254 disparia
736 2212 859 2245 studia
887 2213 1107 2254 sequuntur,
1148 2221 1223 2245 non
1246 2211 1369 2245 solum
1395 2212 1520 2244 verbis
1547 2212 1830 2245 contumeliosis

208 2270 336 2303 clerici
361 2279 446 2303 eum
463 2269 689 2309 afficiebant,
707 2268 772 2301 sed
789 2268 899 2300 etiam
916 2267 1045 2310 dolose
1062 2268 1100 2300 et
1116 2267 1307 2310 figmentis
1330 2268 1368 2300 et
1382 2266 1488 2299 falsis
1505 2267 1830 2300 criminationibus

206 2325 409 2366 dampnare
434 2324 650 2357 nitebantur
667 2324 704 2356 et
721 2324 801 2364 ejus
817 2331 956 2364 magna
978 2331 1132 2364 precum
1149 2324 1188 2355 et
1210 2321 1490 2354 accusationum
1506 2321 1686 2355 instantia
1701 2322 1825 2364 damp-

208 2380 348 2411 nationi
382 2379 615 2412 insistebant.
658 2378 921 2412 Convenerunt
959 2377 1078 2419 igitur
1112 2377 1330 2418 episcopum
1367 2384 1441 2408 uno
1479 2375 1655 2409 falsitatis
1695 2385 1826 2409 errore

209 2433 364 2473 seducti,
383 2442 468 2465 eum
485 2432 693 2465 hereticum
712 2440 792 2464 esse
810 2432 976 2464 dicentes
989 2433 1026 2464 et
1042 2432 1081 2464 in
1098 2431 1211 2464 fidem
1223 2439 1370 2463 errasse
1388 2431 1609 2472 asserentes,
1623 2431 1665 2463 ut
1681 2439 1766 2463 eum
1783 2432 1829 2464 ad

209 2497 403 2521 commune
435 2487 635 2520 concilium
666 2487 862 2529 episcopus
892 2488 1055 2527 vocaret,
1088 2487 1129 2518 ut
1155 2486 1201 2518 de
1233 2485 1357 2518 heresi
1389 2494 1475 2518 eum
1502 2485 1766 2518 convincerent
1793 2487 1832 2518 et

209 2543 467 2583 dampnarent.
486 2543 692 2575 Advocavit
707 2551 792 2575 eum
809 2542 1005 2583 episcopus
1022 2544 1059 2574 et
1076 2541 1176 2574 diem
1191 2541 1396 2579 constituit,
1416 2540 1481 2572 sed
1495 2540 1572 2581 jam
1585 2540 1777 2574 absentem
1793 2543 1832 2573 et

210 2598 443 2630 indefensum
469 2598 574 2638 quasi
600 2606 706 2630 reum
730 2606 752 2630 a
776 2597 958 2630 beneficio
981 2597 1018 2630 et
1041 2597 1164 2629 officio
1189 2596 1393 2637 suspendit.
1412 2595 1573 2628 Vocatus
1597 2596 1765 2636 accessit,
1791 2597 1830 2629 et

209 2661 291 2684 cum
310 2653 360 2684 ibi
379 2654 558 2694 ageretur
574 2652 620 2685 de
646 2653 719 2685 fide
735 2654 773 2685 et
786 2652 873 2685 fidei
891 2651 1072 2690 articulis,
1098 2650 1213 2683 nichil
1231 2659 1343 2692 super
1359 2650 1418 2682 his
1435 2650 1472 2682 in
1490 2659 1576 2683 eum
1592 2650 1826 2684 invenerunt.

208 2708 348 2740 Tamen
368 2707 610 2740 multitudine
626 2707 800 2740 clamoris
819 2708 856 2740 et
876 2706 1052 2740 falsitatis
1067 2705 1251 2738 voluntati
1269 2714 1334 2738 sue
1351 2705 1389 2737 in
1414 2705 1586 2738 omnibus
1617 2713 1776 2738 erronee
1792 2706 1831 2738 et

208 2763 301 2795 false
320 2763 536 2804 episcopum
555 2763 791 2795 attraxerunt
807 2763 844 2795 et
859 2762 983 2794 virum
1005 2761 1256 2800 innocentem,
1281 2769 1434 2802 prorsus
1451 2760 1618 2792 moribus
1634 2759 1828 2792 hominum

208 2817 466 2858 improborum
484 2816 788 2856 dissimillimum,
805 2815 946 2857 judicio
963 2814 1216 2848 ecclesiastico
1240 2814 1463 2847 innitentem
1488 2815 1526 2846 et
1549 2813 1775 2846 renitentem
1793 2815 1830 2846 et

207 2871 428 2903 universalis
455 2871 612 2904 ecclesie
629 2871 858 2905 audientiam
875 2869 1127 2912 appellantem
1143 2870 1452 2911 dampnaverunt.

249 2925 325 2957 Nos
343 2928 479 2964 autem,
499 2925 586 2966 quia
602 2925 807 2958 familiares
831 2925 866 2957 ei
891 2924 1110 2957 videbamur
1134 2925 1171 2957 et
1187 2924 1356 2956 doctrine
1380 2923 1584 2956 christiane
1600 2905 1822 2962 imitatores,

207 2981 252 3014 ad
270 2990 401 3014 univei
404 2980 519 3015 salem
537 2980 718 3024 synodum
734 2982 1030 3021 provocaverunt
1054 2980 1091 3012 et
1112 2979 1150 3012 in
1174 2978 1342 3012 articulis
1361 2979 1447 3012 fidei
1473 2977 1587 3011 nichil
1613 2977 1766 3012 lesionis
1790 2978 1827 3011 in

2036 1925 2045 1960 a*

2038 1961 2045 2056 ἔ
