2050 3470
835 269 974 304 ANNO
1003 270 1087 303 1418
1721 269 1787 302 215

135 383 298 426 quilibet
322 382 431 426 petth
455 383 493 416 et
522 381 738 423 requisiuit,
764 389 833 423 per
856 380 1028 413 dominos
1053 379 1152 413 sedis
1177 379 1384 422 apostolice
1408 379 1718 423 prothonotarios
1743 389 1787 414 ac

135 439 304 473 notarios
320 438 505 481 publicos,
525 438 571 470 ad
589 436 905 470 conscribendum
922 436 1004 468 acta
1023 435 1113 468 dieti
1143 435 1290 477 concilij
1310 436 1509 477 deputatos
1523 437 1560 469 et
1578 436 1784 477 ordinatos,

134 496 172 529 et
197 495 292 528 alios
319 494 460 527 ibidem
485 493 684 535 presentes
710 493 747 524 et
771 500 902 524 eorum
928 491 1137 532 quemlibet
1162 491 1247 524 ficri
1265 492 1303 523 et
1320 492 1455 523 confici
1482 501 1594 524 vnum
1615 493 1653 524 et
1677 491 1788 534 plura

134 549 329 591 publicum
354 550 391 581 et
417 548 585 590 publica,
611 557 654 581 ac
678 549 733 580 tot
752 550 842 588 quot
861 547 1049 579 sufficient
1075 547 1369 579 instrumentum
1394 548 1432 580 et
1456 547 1721 586 instrumenta,
1740 547 1787 580 ad

137 606 359 647 perpetuam
398 604 455 636 rei
496 604 735 644 memoriam,
772 603 1014 645 presentibus
1053 603 1373 636 reuerendissimo
1414 602 1712 643 reuerendisque
1747 602 1786 635 in

135 659 285 693 Christo
299 660 471 702 patribus
486 659 649 691 dominis
667 658 854 698 Johanne,
866 659 1084 701 patriarcha
1098 657 1377 697 Anthioeheno,
1395 658 1509 690 Petro
1523 658 1786 697 Auinionensi‚

133 715 254 749 Alano
284 716 485 755 Leonensi,
515 716 691 749 ,Iohanne
722 716 920 755 Vaurensi,
956 715 1079 748 Vitale
1114 714 1346 747 'l'holonensi
1379 714 1578 756 episcopis,
1611 713 1788 746 Johanne

133 771 268 805 abbate
300 771 525 804 monasterii
559 772 679 804 sancti
712 771 1002 814 VVandregisilij
1040 770 1362 812 Rothomagensis
1395 769 1568 809 diocesis,
1602 769 1786 812 magistro

133 825 352 860 Guillielmo
394 826 696 869 Pulcrincpotis‚
736 826 969 860 serenissimi
1003 836 1044 859 ac
1084 825 1390 859 christianissimi
1426 825 1610 867 principis
1644 825 1787 857 domini

133 882 253 915 nostri
278 882 382 924 regis
407 882 643 914 Francorum
670 882 994 915 ambaxiatoribus
1019 884 1056 914 et
1081 882 1240 923 nuncijS,
1268 882 1383 914 Petro
1409 881 1456 913 de
1480 881 1586 913 Bena
1614 879 1787 923 generali

131 938 291 970 fratrum
314 937 670 979 Augustinensium,
699 938 867 971 Gerardo
894 937 1047 970 Faideri
1071 938 1324 977 decretorum,
1342 936 1516 970 Johanne
1535 936 1581 969 de
1597 935 1731 969 Rocha
1748 936 1787 968 in

132 994 328 1038 theologia
358 996 570 1034 doctorum,
600 995 744 1027 Jacobo
778 994 955 1035 Despars‚
994 994 1032 1026 in
1065 994 1210 1026 artibus
1239 995 1276 1026 et
1305 993 1503 1026 medecina
1526 993 1723 1035 magistro,
1750 993 1789 1025 et

131 1050 307 1084 Johanne
331 1051 377 1083 de
402 1050 586 1093 Templis,
613 1050 797 1092 magistro
816 1050 855 1081 in
875 1050 1020 1082 artibus
1046 1051 1082 1081 et
1109 1048 1314 1082 bacallario
1340 1049 1379 1081 in
1404 1048 1612 1091 theologia.
1640 1057 1787 1081 necnon

132 1106 313 1149 egregijS,
340 1106 572 1145 scientificis,
600 1105 874 1148 spectabilibus
892 1105 1122 1146 famosisque
1146 1105 1250 1144 viris,
1274 1105 1468 1147 magistris
1493 1106 1531 1137 et
1555 1104 1787 1144 doctoribus,

131 1162 338 1195 licentiatis
352 1171 394 1195 ac
411 1161 640 1204 bacallarijs,
654 1171 697 1194 ac
711 1161 832 1194 eciam
847 1160 1118 1193 nonnullorum
1131 1169 1280 1203 regum,
1295 1160 1523 1202 principum,
1538 1159 1786 1202 prelatorum,

131 1218 281 1258 ducum,
307 1218 500 1258 comitum,
542 1218 872 1258 communitatum,
914 1217 1220 1258 vniuersitatum,
1252 1216 1477 1256 studiorum,
1519 1215 1787 1258 capitulorum,

131 1274 387 1307 conuentuum
415 1279 452 1307 et
477 1274 726 1316 quorumdam
762 1272 926 1305 aliorum
957 1272 1170 1305 absentium
1202 1272 1538 1313 ambaxiatoribus,
1566 1272 1712 1314 nuncijs
1750 1273 1789 1305 et

130 1330 443 1372 procuratoribus
485 1329 646 1371 alijsque
678 1329 912 1361 notabilibus
945 1329 983 1361 et
1025 1329 1308 1370 circumspectis
1344 1328 1435 1360 viris
1468 1328 1507 1360 in
1544 1327 1788 1361 multitudine

132 1385 296 1426 copiosa.

175 1440 224 1473 Et
255 1440 392 1473 deinde
425 1440 507 1473 sine
540 1439 669 1481 aliquo
700 1439 884 1481 temporis
912 1438 1117 1472 interuallo
1148 1440 1286 1481 prefati
1317 1438 1468 1472 articuli
1496 1440 1651 1472 fuerunt
1679 1440 1788 1473 extra

131 1493 332 1528 ecclesiam
348 1494 559 1536 predictam
584 1496 620 1527 et
639 1494 686 1527 ad
711 1494 878 1537 plateam
896 1494 1024 1536 palatij
1053 1495 1159 1526 iuxta
1176 1494 1335 1527 eandem
1353 1493 1553 1527 ecclesiam
1570 1494 1723 1536 portati,
1750 1495 1789 1526 vt

131 1551 458 1590 comburerentur,
488 1551 602 1592 prout
636 1560 705 1592 per
739 1551 914 1583 tenorem
945 1550 1044 1582 dicte
1079 1550 1267 1583 sententie
1300 1550 1385 1583 fieri
1418 1550 1680 1583 mandabatur.
1717 1550 1788 1589 Qui

129 1606 282 1648 quidem
300 1605 452 1638 articuli
470 1606 507 1638 in
526 1615 664 1648 magno
686 1605 880 1649 lignorum
908 1615 1046 1638 aceruo
1074 1605 1162 1648 igne
1181 1615 1360 1638 succenso
1386 1607 1542 1639 suerunt
1566 1606 1727 1648 proiecti
1752 1607 1790 1639 et

129 1662 315 1695 combusti
331 1672 339 1703 3
359 1662 405 1694 ad
425 1670 588 1703 quorum
605 1661 907 1694 combustionem
925 1669 1064 1703 magna
1079 1660 1210 1702 populi
1229 1660 1432 1693 multitudo
1451 1661 1642 1694 conuenit.

174 1718 229 1751 De
258 1718 393 1759 quibus
426 1717 677 1751 articulorum
712 1718 975 1751 combustione
1005 1720 1043 1750 et
1076 1718 1251 1750 omnibus
1280 1717 1364 1759 alijs
1393 1718 1620 1760 supradictis
1648 1718 1788 1760 prefati

127 1773 322 1808 Johannes
340 1774 385 1806 de
402 1773 592 1806 Wastinia
617 1774 654 1806 et
682 1773 877 1806 Johannes
895 1774 940 1806 de
959 1773 1232 1806 Wachendonc
1251 1781 1292 1805 ac
1314 1773 1509 1807 Johannes
1534 1774 1580 1807 de
1598 1773 1788 1816 Poilleyo,

128 1830 333 1872 preceptor
351 1829 396 1862 dc
414 1830 627 1868 Renuerso,
646 1830 684 1862 et
703 1838 835 1861 eorum
854 1828 1028 1870 quilibet,
1047 1829 1264 1861 nominibus
1293 1829 1430 1870 quibus
1448 1839 1574 1872 supra,
1592 1830 1789 1872 petierunt

129 1886 167 1919 et
182 1885 370 1918 instanter
386 1885 672 1926 requisiucrunt
689 1885 775 1918 fieri
796 1886 833 1918 et
851 1885 986 1917 confici
1004 1894 1073 1927 per
1093 1894 1166 1917 ¹nos
1190 1884 1406 1918 Johannem
1432 1885 1588 1918 Guiardi
1605 1885 1643 1917 et
1666 1886 1788 1918 Anto-

129 1940 234 1973 nium
251 1940 444 1982 Guidonis‚
472 1941 641 1974 notarios
665 1940 839 1983 publicos
865 1942 1146 1983 j1ifrascriptos,
1171 1941 1313 1973 ibidem
1338 1942 1428 1973 tunc
1445 1941 1654 1982 presentes,
1672 1950 1786 1973 vnum

129 1997 167 2028 et
184 1995 294 2038 plura
311 1996 506 2038 publicum
524 1998 561 2029 et
580 1996 732 2039 publica
748 1997 1046 2038 J'nstrumentum
1072 1998 1111 2029 et
1134 1997 1388 2029 instrumenta
1413 1997 1459 2029 ad
1484 1997 1706 2038 perpetuam
1730 1997 1788 2029 rei

129 2052 366 2091 memoriam,
386 2053 629 2094 presentibus
646 2052 944 2093 venerabilibus,
964 2052 1232 2094 circumpectis
1252 2054 1290 2085 et
1308 2052 1481 2085 discretis
1506 2052 1598 2084 viris
1615 2052 1786 2086 Gilberto

132 2107 271 2141 Oueral
286 2108 563 2148 Laudunensis‚
583 2108 772 2141 Michaele
787 2109 891 2150 Goye
912 2109 1117 2142 Remensis
1132 2107 1380 2141 ecclesiarum
1393 2108 1598 2148 canonicis,
1612 2108 1787 2143 Johanne

128 2164 307 2207 Romani,
341 2168 490 2198 rectore
528 2165 780 2207 parrochialis
817 2166 977 2198 ecclesie
1013 2166 1060 2198 de
1096 2165 1269 2198 Tornaco
1301 2166 1584 2198 Cameracensis
1612 2166 1786 2207 diocesis,

127 2219 302 2253 Johanne
344 2220 566 2260 Blandurel,
608 2221 801 2263 Stephano
842 2222 1046 2262 Monoque‚
1083 2221 1329 2263 presbyteris,
1367 2220 1543 2254 ,Iohanne
1583 2222 1786 2263 Monoque‚

127 2275 266 2308 clerico
292 2276 489 2318 capellano
515 2277 554 2309 in
580 2277 744 2309 ecclesia
771 2277 1018 2316 Tornaeensi,
1045 2277 1216 2310 Roberto
1248 2276 1292 2309 de
1322 2276 1551 2317 Molendino,
1578 2277 1616 2309 in
1641 2277 1787 2311 artibus

127 2331 326 2374 magistro,
346 2332 485 2364 clerico
509 2332 756 2373 Tornaeensi‚
775 2332 953 2366 Johanne
980 2333 1126 2375 Gigart,
1146 2332 1285 2365 clerico
1312 2332 1589 2373 Cameracensi,
1617 2334 1786 2366 Gerardo

128 2386 334 2430 Sannageti
364 2388 402 2420 et
431 2387 615 2421 Mermeto
651 2388 806 2427 Corteti,
840 2388 982 2420 domini
1014 2389 1134 2420 nostri
1164 2398 1259 2430 pape
1291 2388 1522 2430 cursoribus,
1552 2389 1711 2422 testibus
1740 2389 1787 2422 ad

128 2443 315 2484 premissa
327 2443 472 2476 vocatis
487 2443 706 2486 specialiter
723 2445 761 2477 et
774 2445 931 2487 rogatis.

173 2497 375 2540 Signatum
389 2499 427 2531 et
440 2499 494 2531 sic
514 2499 768 2540 subscriptum
785 2509 792 2532 :

172 2552 220 2586 Et
235 2554 323 2594 quia
341 2563 413 2596 ego
427 2553 624 2587 Johannes
643 2554 812 2594 Guiardi,
828 2555 990 2588 clericus
1006 2555 1247 2588 Pictaucnsis
1261 2555 1435 2596 diocesis,
1451 2556 1624 2598 publicus
1638 2559 1785 2600 aposto-

128 2609 202 2643 lica
225 2610 264 2642 et
289 2609 482 2651 imperiali
507 2610 798 2643 auctoritatibus
824 2620 867 2644 ac
885 2611 984 2644 sacri
1002 2611 1197 2654 generalis
1222 2611 1374 2644 concilii
1393 2612 1692 2646 Constantiensis
1716 2624 1785 2656 pro

128 2665 284 2698 natione
302 2665 499 2698 Gallicana
517 2668 555 2698 et
573 2666 743 2698 eiusdem
762 2667 927 2699 nationis
946 2667 1132 2708 notarius,
1149 2666 1345 2709 premissis
1364 2667 1538 2700 omnibus
1556 2669 1594 2701 et
1611 2669 1786 2712 singulis,

127 2721 216 2753 dum
241 2720 310 2760 sic,
328 2722 367 2752 vt
385 2721 559 2763 superius
592 2722 877 2762 describuntur,
904 2723 943 2755 in
974 2723 1067 2755 locis
1097 2731 1213 2764 supra
1236 2722 1445 2764 designatis
1469 2725 1784 2765 proponerentur,

127 2774 364 2817 legerentur,
403 2776 764 2818 pronunciarentur,
808 2778 1096 2816 reum-arentur,
1140 2777 1483 2818 sentenciarentur,
1516 2778 1786 2821 diffinirentur,

126 2831 476 2873 promulgarentur,
516 2832 748 2872 dicerentur,
794 2835 1076 2875 proferrentur,
1120 2834 1328 2875 agerentur
1364 2834 1401 2866 et
1437 2835 1584 2874 fierent,
1626 2844 1786 2869 vnacum

127 2887 403 2929 prenominatis
424 2887 586 2920 dominis
606 2888 767 2921 testibus
785 2889 823 2923 in
846 2888 1009 2932 singulis
1028 2889 1174 2922 actibus
1204 2897 1360 2930 presens
1384 2889 1453 2929 fui,
1479 2899 1598 2932 eaque
1624 2891 1678 2924 sic
1702 2893 1786 2926 fieri

127 2942 204 2974 vidi
232 2942 270 2974 et
306 2942 448 2982 audiui,
480 2943 564 2976 ideo
595 2942 683 2976 huic
710 2944 878 2985 presenti
904 2944 1058 2986 publico
1084 2943 1350 2984 instrumento,
1376 2943 1452 2977 alia.
1478 2954 1592 2978 manu
1621 2945 1787 2981 fideliter

130 2997 284 3041 scripto,
299 3006 412 3031 manu
431 3007 515 3032 mea
527 2999 685 3042 propria
703 3008 764 3033 me
782 3000 1005 3044 subscripsi,
1025 3000 1062 3033 et
1079 2999 1228 3043 signum
1246 3008 1372 3032 meum
1389 3002 1610 3034 consuetum
1627 3011 1786 3037 vnacum
