2050 3470
777 262 915 298 ANNO
940 262 1024 296 1397
1672 257 1732 291 171

97 384 230 421 clerici
255 381 444 418 seculares
459 380 506 414 de
521 380 606 423 jure
630 377 820 412 communi
835 375 976 410 debent
997 374 1129 409 viuere
1146 372 1409 412 communiter,
1427 370 1471 405 ut
1486 369 1592 414 patet
1609 367 1731 403 extra.

99 443 146 476 de
168 442 246 474 vita
269 440 308 473 et
333 438 464 471 hones.
493 435 721 470 clericorum
751 443 782 466 c.
809 441 927 477 quem,
959 431 1002 465 ut
1030 431 1084 464 ait
1115 430 1321 472 Scriptura.
1347 428 1445 462 Item
1476 426 1602 468 xxxija
1630 425 1665 458 d.
1704 434 1737 457 0.

101 497 259 532 Praeter
275 496 312 528 et
330 494 401 535 xija
419 501 455 534 q.
472 492 503 525 1.
529 490 748 525 Necessaria
763 489 898 522 etenim
913 496 972 521 res
988 487 1126 529 eoez'yat,
1142 485 1207 518 ubi
1230 485 1317 526 jura
1340 483 1493 526 copiosa
1516 483 1604 515 sunt
1620 488 1734 523 super

100 553 172 586 hac
188 552 226 585 et
241 557 431 592 expressa,
457 547 556 580 unde
580 547 681 579 inter
697 546 825 578 cetera
841 545 894 586 iij.
914 553 944 577 c.
964 542 1120 577 Scimus.
1140 542 1201 575 Sic
1215 541 1354 574 dicitur
1374 552 1380 572 :
1401 539 1546 573 Scimus
1570 547 1636 570 vos
1661 545 1737 570 non

100 609 293 651 ignorare,
324 604 475 643 fratreS,
509 601 608 644 quod
639 601 820 634 hactenus
846 600 923 632 vita
954 597 1163 632 communis
1195 597 1295 629 inter
1334 603 1464 628 omnes
1504 593 1732 626 christianos

101 662 223 706 viguit
239 662 276 694 et
293 660 338 692 de
355 658 486 702 gracia
510 657 581 690 Dei
595 657 699 699 viget
714 657 752 689 et
768 655 931 688 maxime
949 654 1048 686 inter
1073 661 1148 692 eOS‚
1175 650 1238 693 qui
1263 652 1301 683 in
1319 651 1461 683 sortem
1479 648 1629 689 Dominj
1651 647 1739 679 sunt

103 717 228 757 electi,
241 716 280 749 id
298 716 355 749 est
367 714 538 753 clericOS,
554 712 651 745 sicut
668 712 707 744 in
720 711 876 744 Actibus
890 708 1149 752 apostolorum
1165 707 1327 750 legitur3
1342 705 1442 739 unde
1459 714 1466 737 :
1486 702 1743 737 Multitudinis

103 772 344 808 credencium
368 770 450 803 erat
466 777 532 802 cor
546 776 664 801 unum
681 768 719 801 et
736 767 863 800 anima
878 775 954 799 una
971 766 1010 798 in
1029 764 1189 798 Domino
1211 772 1281 796 nec
1294 762 1493 804 quisquam
1510 768 1643 793 eorum
1670 766 1744 800 que

102 828 320 873 possidebat
338 824 483 867 aliquid
509 824 707 866 proprium
723 831 806 856 esse
829 822 992 861 dicebat,
1018 820 1085 854 sed
1116 819 1225 853 erant
1252 817 1330 851 illis
1355 816 1482 850 omnia
1509 814 1740 848 communia.

104 885 153 919 Et
174 883 348 917 subditur
374 881 415 914 in
439 880 686 922 sequentibus
703 877 880 921 capitulis
908 886 1022 920 super
1038 876 1171 911 eadem
1186 874 1360 915 materia,
1377 872 1523 907 scilicet
1541 882 1548 905 :
1580 870 1667 904 nolo
1703 870 1746 904 ut

104 940 256 982 aliquis.
269 938 366 972 Item
381 945 457 970 non
473 936 609 969 dicatis
636 945 702 968 vos
718 935 860 968 habere
878 933 1023 975 aliquid
1047 932 1256 975 proprium.
1276 930 1334 963 Ex
1360 929 1498 971 quibus
1514 927 1626 960 dictis
1651 926 1743 960 satis

106 994 318 1028 ostenditur
341 993 379 1026 et
402 991 559 1034 propria
586 990 725 1024 debere
756 990 912 1031 propter
941 987 1215 1030 perfectionem
1237 984 1468 1027 contempni,
1497 983 1569 1017 etc.
1596 981 1653 1015 Ex
1671 990 1745 1023 quo

106 1051 223 1094 patet,
252 1049 351 1091 quod
379 1046 624 1090 perfectionis
648 1046 706 1079 est
729 1045 849 1078 eciam
881 1044 990 1077 extra
1005 1042 1232 1085 religionem
1256 1041 1295 1074 in
1314 1039 1495 1074 societate
1526 1038 1686 1071 honesta
1708 1036 1748 1070 et

107 1105 308 1140 caritatiua
319 1103 570 1137 communiter
585 1102 733 1143 viuere3
748 1100 847 1133 unde
861 1100 943 1141 viij⁰
957 1098 1069 1132 ethi.:
1094 1098 1313 1131 Amicorum
1330 1096 1386 1129 est
1403 1094 1529 1128 omnia
1548 1101 1630 1127 esse
1647 1100 1747 1126 com-

108 1160 251 1194 munia.
264 1159 359 1194 Item
371 1157 584 1200 proprietas
597 1159 750 1198 propter
762 1153 953 1188 maliciam
968 1153 1164 1186 hominum
1180 1152 1334 1185 inducta
1346 1151 1414 1190 est,
1427 1151 1468 1183 ut
1481 1158 1550 1192 per
1567 1149 1749 1182 Senecam

109 1216 221 1250 xxixa
239 1213 412 1258 epistola,
429 1213 495 1246 ubi
519 1212 633 1245 dicit:
660 1210 780 1244 Multa
797 1210 966 1243 auaricia
996 1207 1214 1242 mortalium
1237 1207 1511 1250 proprietatem
1542 1204 1744 1247 possessio-

110 1280 272 1313 nemque
285 1269 478 1309 discernit,
504 1277 573 1301 nec
590 1267 794 1309 quidquam
821 1265 990 1298 creditur
1006 1273 1115 1297 suum
1128 1272 1222 1304 esse,
1241 1263 1341 1305 quod
1357 1263 1396 1295 in
1418 1261 1612 1304 publicum
1627 1259 1745 1293 venit.

112 1327 209 1361 Item
220 1326 306 1368 jure
323 1325 453 1358 diuino
473 1325 510 1357 et
525 1324 610 1366 J'ure
628 1321 794 1355 naturali
821 1321 948 1354 omnia
964 1322 1050 1353 sunt
1074 1319 1300 1359 communia,
1320 1319 1359 1352 et
1376 1319 1533 1360 propter
1549 1316 1750 1358 imperfec-

113 1382 256 1415 tionem
272 1380 468 1413 hominum
485 1379 531 1412 de
546 1379 632 1420 J'ure
645 1377 809 1410 humano
827 1375 1044 1409 introducta
1069 1376 1156 1407 sunt
1171 1383 1297 1407 meum
1315 1374 1353 1406 et
1368 1374 1487 1412 tuum,
1506 1372 1548 1405 ut
1564 1371 1751 1404 tractatur

114 1436 357 1469 distinctione
380 1435 458 1476 viij.
477 1444 508 1467 c.
535 1433 684 1478 Differt,
700 1433 767 1466 ubi
791 1432 942 1472 dicitur,
961 1431 1059 1474 quod
1074 1431 1160 1473 J'ure
1184 1429 1357 1464 naturale
1389 1428 1516 1462 omnia
1543 1428 1629 1461 sunt
1653 1435 1751 1460 com-

115 1492 245 1526 munia
272 1491 459 1531 omnibus,
493 1490 592 1532 quod
619 1498 695 1522 non
726 1487 849 1521 solum
879 1488 981 1521 inter
1005 1496 1069 1520 eos
1097 1487 1289 1520 seruatum
1319 1485 1499 1524 creditur,
1532 1484 1579 1517 de
1619 1483 1755 1525 quibus

115 1547 270 1591 legitur,
289 1546 389 1589 quod
402 1545 657 1579 multitudinis
671 1543 912 1578 credencium
928 1543 1011 1576 erat
1022 1552 1088 1575 cor
1104 1551 1221 1575 unum
1238 1543 1276 1575 et
1288 1541 1414 1574 anima
1429 1549 1505 1573 una
1522 1549 1531 1581 3
1560 1547 1693 1572 verum
1709 1547 1756 1572 ex

115 1601 335 1645 precedenti
346 1603 518 1644 tempore
535 1610 557 1634 a
572 1599 820 1643 phylosophis
837 1598 1019 1632 traditum
1035 1598 1243 1638 inuenitur,
1268 1597 1368 1630 unde
1385 1596 1484 1638 apud
1501 1594 1700 1628 Platonem
1716 1594 1755 1626 in

117 1658 288 1700 Thymeo
306 1667 314 1690 :
340 1657 480 1690 Ciuitas
496 1656 703 1689 iustissime
729 1655 904 1688 ordinata
926 1654 1104 1694 traditur,
1130 1654 1170 1686 in
1195 1662 1269 1695 qua
1286 1652 1444 1694 quisque
1462 1650 1583 1684 nescit
1599 1650 1756 1683 affectus

116 1713 305 1756 proprios.
329 1712 427 1746 Item
457 1710 682 1745 universalis
714 1710 847 1743 doctor
873 1709 1033 1752 Egidius
1064 1710 1232 1742 tractans
1254 1707 1300 1741 de
1328 1707 1516 1750 regimine
1544 1704 1759 1748 principum

118 1765 215 1799 illud
239 1766 339 1808 quod
354 1767 484 1799 mouet
499 1763 759 1808 phylosophus
777 1764 830 1806 iij.
847 1763 1016 1806 politice,
1030 1763 1159 1796 utrum
1176 1761 1353 1804 expediat
1368 1759 1516 1793 ciuitati
1533 1760 1660 1792 omnia
1675 1767 1758 1792 esse

118 1822 346 1862 communia,
372 1822 465 1854 dicit
491 1829 681 1863 expresse.
704 1820 816 1861 quod,
836 1820 867 1852 si
880 1818 1054 1852 homines
1068 1820 1110 1852 ut
1122 1817 1329 1860 plurimum
1346 1816 1531 1849 haberent
1547 1813 1758 1855 appetitum

120 1876 166 1909 ad
182 1876 333 1916 bonum,
352 1876 551 1918 expediret
581 1876 729 1909 ciuitati
758 1875 1016 1918 possessiones
1041 1883 1123 1907 esse
1155 1880 1381 1911 communes,
1416 1880 1460 1904 eo
1492 1870 1591 1912 quod
1619 1869 1759 1901 bonum

120 1932 261 1974 quanto
277 1931 515 1964 communius
530 1931 635 1964 tanto
653 1931 821 1965 diuinius
843 1942 852 1973 ς
878 1939 989 1964 omne
1013 1930 1115 1964 enim
1139 1930 1279 1962 bonum
1296 1928 1336 1961 in
1352 1934 1550 1960 commune
1566 1924 1761 1958 redactum

120 1995 272 2020 sensum
289 1986 484 2030 pulchrius
503 1987 673 2020 accessit.
689 1987 770 2020 Hec
786 1986 864 2020 ille.
884 1986 982 2020 Item
1010 1986 1057 2019 ad
1069 1986 1173 2027 jdem
1189 1984 1330 2027 arguit,
1350 1983 1439 2024 quia
1461 1982 1588 2015 unitas
1612 1987 1762 2022 semper

120 2043 254 2086 pocior
265 2043 323 2076 est
334 2041 593 2082 multitudine,
611 2041 814 2075 multitudo
834 2042 936 2075 enim
953 2042 999 2074 ab
1015 2041 1159 2074 unitate
1175 2038 1360 2082 procedit.
1387 2037 1496 2071 Unde
1511 2036 1635 2079 prima
1651 2042 1764 2068 causa

124 2100 225 2133 Deus
242 2099 337 2140 ipse,
370 2098 434 2139 qui
465 2098 641 2140 arguitur
668 2106 751 2131 esse
776 2107 921 2131 summe
944 2098 1077 2136 bonus,
1097 2096 1273 2138 arguitur
1302 2102 1447 2127 summe
1470 2101 1579 2126 unus.
1604 2090 1765 2124 Videtur

124 2162 217 2197 ergo
235 2153 370 2186 ciuitas
388 2162 470 2186 esse
487 2162 632 2187 summe
648 2154 759 2194 bona,
786 2154 818 2186 si
842 2153 959 2187 fuerit
982 2152 1180 2195 potissima
1195 2160 1271 2184 una
1289 2161 1298 2192 ς
1325 2150 1465 2192 quanto
1494 2148 1595 2181 enim
1619 2145 1763 2188 aliquid

125 2209 172 2243 ad
209 2209 397 2242 unitatem
434 2209 620 2251 procedit,
651 2210 756 2242 tanto
796 2208 881 2251 plus
921 2208 1200 2251 appropinquat
1238 2206 1285 2239 ad
1319 2205 1524 2239 terminum
1552 2202 1732 2236 bonitatis
1752 2212 1762 2243 ς

125 2273 252 2306 ymmo
290 2263 432 2297 ibidem
470 2263 609 2303 subdit,
652 2264 752 2305 quod
790 2264 867 2298 vite
905 2263 1146 2306 perfectioris
1174 2262 1232 2295 est
1265 2270 1340 2294 non
1378 2260 1520 2293 habere
1552 2257 1762 2300 proprium,

124 2319 286 2362 perfecti
299 2321 425 2353 autem
442 2320 553 2361 pauci
571 2320 658 2352 sunt
674 2320 849 2362 respectu
873 2318 1049 2352 aliorum.
1069 2318 1150 2351 Hec
1172 2317 1239 2351 ille
1263 2326 1293 2350 0.
1320 2317 1391 2358 iiij.
1415 2315 1504 2348 libri
1522 2313 1763 2357 preallegati.

124 2374 182 2408 Ex
216 2374 352 2416 quibus
386 2376 502 2417 patet,
540 2374 640 2416 quod
674 2374 922 2417 perfectionis
951 2375 1009 2407 est
1043 2373 1295 2406 communiter
1328 2372 1459 2404 viuere
1498 2371 1618 2404 eciam
1657 2369 1766 2402 extra

124 2430 366 2473 religionem.
404 2430 514 2463 Unde
549 2439 596 2463 ex
633 2431 815 2472 predictis
855 2430 908 2462 sic
939 2431 1067 2472 posset
1104 2428 1264 2461 formari
1294 2427 1419 2474 racio-2
1461 2426 1563 2460 Illud
1590 2425 1689 2467 quod
1721 2424 1768 2457 de

125 2495 194 2519 sua
217 2486 353 2519 natura
376 2486 433 2519 est
456 2486 597 2519 bonum
613 2487 652 2519 et
676 2486 782 2519 cuius
807 2485 1022 2528 oppositum
1040 2484 1162 2518 solum
1185 2485 1342 2526 propter
1365 2482 1555 2516 maliciam
1571 2480 1767 2514 hominum

126 2542 184 2575 est
209 2541 480 2582 introductum,
505 2551 580 2574 non
615 2543 672 2574 est
699 2540 924 2581 hereticum,
949 2549 1075 2584 ymmo
1103 2540 1234 2583 pocius
1258 2539 1497 2572 meritorium
1528 2538 1566 2571 et
1593 2536 1764 2576 licitum3

127 2596 193 2630 sed
216 2596 270 2630 sic
301 2597 359 2629 est
385 2597 431 2630 de
454 2597 706 2630 communiter
728 2597 871 2637 viuere,
904 2597 946 2629 ut
978 2597 1082 2639 patet
1109 2604 1156 2629 ex
1190 2594 1400 2637 predictis3
1425 2602 1531 2636 ergo,
1562 2593 1634 2626 ete.
1667 2591 1764 2625 Item

126 2652 238 2685 istam
268 2651 384 2685 vitam
416 2651 587 2687 Christus
619 2661 704 2685 cum
736 2651 918 2695 apostolis
949 2651 1085 2691 tenuit,
1125 2652 1167 2684 ut
1193 2651 1298 2693 patet
1336 2650 1377 2682 in
1414 2647 1638 2692 ewangelio.
1666 2647 1765 2681 Item

129 2707 291 2750 apostoli
304 2710 342 2741 et
357 2707 613 2750 apostolorum
630 2707 807 2750 discipuli
825 2709 863 2741 et
879 2708 960 2741 tota
975 2707 1173 2750 primitiua
1187 2705 1347 2739 ecclesia
1360 2705 1679 2738 continuauerunt
1694 2714 1702 2745 3
1728 2704 1767 2736 et

130 2763 196 2803 sic,
214 2762 466 2805 multiplicata
482 2763 557 2796 fide
581 2764 618 2796 et
636 2763 911 2806 refrigescente
927 2763 1086 2796 caritate
1111 2763 1148 2795 et
1169 2763 1362 2795 crescente
1387 2760 1539 2794 malicia
1556 2760 1766 2799 hominum,

130 2818 302 2860 quamuis
320 2819 392 2852 iste
405 2819 538 2852 modus
554 2828 628 2852 non
646 2819 762 2852 fuerit
779 2827 849 2852 nec
862 2820 910 2852 sit
923 2827 1043 2861 usque
1061 2827 1159 2851 nunc
1176 2818 1230 2850 ita
1247 2816 1479 2860 regulariter
1496 2817 1534 2849 et
1551 2815 1767 2849 communi-

131 2875 191 2907 ter
208 2874 430 2908 obseruatus
448 2875 490 2908 ut
512 2875 551 2907 in
577 2875 772 2917 primitiua
788 2874 962 2915 ecclesia,
981 2875 1078 2907 sicut
1094 2874 1214 2907 eciam
1230 2882 1299 2906 nec
1316 2872 1391 2906 alia
1414 2871 1573 2905 consilia
1589 2879 1770 2914 ewange-

132 2928 219 2970 lica‚
236 2931 362 2963 tamen
375 2939 422 2963 ex
442 2929 514 2963 hoc
532 2939 606 2963 non
635 2930 819 2972 sequitur,
838 2930 939 2973 quod
963 2930 1012 2963 sit
1039 2928 1311 2972 prohibendus,
1337 2928 1435 2961 sicut
1451 2936 1519 2961 nec
1535 2926 1772 2970 prohibenda

133 2986 222 3020 sunt
247 2985 324 3021 alia
345 2985 516 3027 consilia,
534 2995 659 3031 ymmo
683 2986 816 3030 pocius
839 2984 1158 3020 commendandus
1181 2985 1251 3026 est,
1276 2984 1308 3018 si
1325 2984 1387 3019 cui
1411 2984 1512 3019 Deus
1539 2992 1586 3018 ex
1614 2982 1771 3027 speciali
