2050 3470
225 266 289 299 30⁶2
918 263 1056 299 ANNO
1083 263 1167 297 1335

224 386 306 417 ren,
327 377 391 409 dat
415 376 457 417 sij
478 375 539 409 die
564 374 764 418 Beghinen
782 373 1034 418 onghestuert
1050 374 1147 408 ende
1163 372 1394 417 onghemoet
1409 373 1548 417 lacten,
1567 385 1637 411 nae
1655 377 1780 412 tenoir
1797 379 1865 413 der

224 432 381 465 litteren
399 430 483 464 hier
502 439 572 464 nae
585 429 799 473 volghende
817 429 841 473 z]

268 485 478 528 Adulphus‚
507 485 578 519 Dei
602 485 728 528 gratia
760 485 982 519 Leodiensis
1011 485 1223 528 episcopm,
1254 485 1397 518 decano
1429 486 1579 529 concilij
1604 487 1795 521 Lewensis
1822 497 1866 521 ac

226 542 310 583 alijs
338 541 560 583 presbiteris
592 543 630 573 et
663 540 910 574 ecclesiarum
937 541 1150 574 rectoribus
1178 541 1217 573 in
1242 540 1393 574 civitate
1425 542 1463 574 et
1489 541 1630 576 diocesi
1663 543 1866 576 Leodiensi

225 597 440 630 constitutis
455 597 501 629 ad
516 605 609 637 quos
622 596 818 638 presentes
834 595 963 629 littere
977 596 1237 638 peruenerint,
1255 595 1416 629 salutem
1429 597 1467 629 in
1485 597 1585 630 omni
1603 597 1773 631 salutari.

268 651 447 685 Intimato
463 652 541 693 jam
558 651 699 684 dudum
716 651 869 684 domino
888 650 1074 685 Clementi
1092 650 1197 694 (1)....
1217 660 1413 692 quousque
1432 652 1478 685 de
1495 661 1627 686 earum
1639 654 1739 686 statu
1755 653 1865 687 sedes

221 706 432 750 apostolica
448 707 601 740 duxerit
614 705 726 740 aliter
739 707 1002 740 ordinandum.

267 762 525 804 Omnibusque
542 763 580 796 et
604 762 765 805 singulis
789 763 1002 795 rectoribus
1015 771 1081 795 seu
1098 763 1238 795 curatis
1267 762 1527 805 Beghinarum
1559 772 1704 797 necnon
1734 773 1865 799 earum

219 818 429 860 capellanis
454 827 496 851 ac
525 817 609 859 alijs
625 818 850 859 presbiteris
868 818 1035 851 ciuitatis
1055 818 1093 851 et
1116 818 1278 850 diocesis
1303 818 1431 851 nostre
1456 819 1689 860 Leodiensis,
1708 820 1755 853 ad
1772 829 1866 861 quos

220 874 350 907 littere
379 873 522 907 decreti
540 873 660 906 nostri
678 873 716 906 et
733 871 1007 906 declaracionis
1032 872 1249 906 huiusmodi
1265 873 1526 915 peruenirent,
1552 875 1723 908 districte
1739 875 1867 917 preci-

219 929 359 971 piendo
373 928 637 962 mandauimus
655 929 840 969 quatenus
855 937 985 962 omnes
999 929 1037 962 et
1050 927 1222 971 singulos
1239 928 1506 963 molestatores
1524 938 1656 963 earum
1673 931 1712 963 et
1734 930 1867 964 rebel-

219 983 288 1024 les,
305 984 337 1017 si
354 984 418 1026 qui
434 985 562 1017 forent
588 984 627 1016 in
652 983 847 1026 premissis
876 984 1133 1025 cuiuscunque
1162 984 1283 1017 status
1307 983 1367 1018 vel
1393 985 1627 1018 condicionis
1659 985 1868 1020 existerent

219 1042 400 1083 quociens
418 1050 571 1075 necesse
589 1042 701 1081 foret,
720 1049 877 1074 monere
895 1040 1092 1074 studerent
1116 1041 1312 1081 canonice,
1331 1042 1374 1074 ut
1386 1041 1433 1074 ab
1450 1040 1668 1074 huiusmodi
1691 1040 1866 1075 molesta-

218 1097 327 1130 cione
364 1098 403 1130 et
431 1096 641 1130 rebellione
674 1096 903 1129 desisterent
926 1096 1078 1137 penitus
1114 1096 1154 1129 et
1185 1097 1393 1137 cessarent,
1423 1096 1592 1138 alioquin
1625 1096 1740 1138 ipsos.
1770 1105 1865 1138 quos

219 1152 401 1185 canonica
417 1152 632 1184 monicione
648 1151 833 1193 premissa
846 1151 1073 1184 auctoritate
1087 1151 1258 1192 predicta
1271 1151 1866 1190 excommunicabamus,excom-

218 1208 431 1240 municatos
448 1206 601 1249 publice
621 1207 860 1247 nunciarent,
878 1207 992 1249 prout
1008 1206 1048 1239 in
1065 1205 1204 1239 litteris
1222 1207 1363 1239 nostris
1380 1215 1495 1249 super
1510 1205 1582 1239 hoc
1599 1206 1782 1240 confectis
1794 1205 1866 1240 hec

218 1263 257 1295 ct
273 1262 349 1295 alia
360 1262 510 1304 plenius
526 1262 780 1295 continentur.

263 1317 543 1351 Nichilominus
559 1318 698 1357 tamen,
713 1318 828 1359 prout
841 1317 887 1350 de
901 1327 1001 1350 nouo
1019 1317 1065 1350 ad
1080 1317 1250 1350 nostram
1267 1318 1444 1359 peruenit
1457 1317 1650 1357 noticiam,
1663 1316 1862 1359 justiciarij

217 1371 355 1405 nobilis
392 1372 575 1414 principis
612 1372 755 1405 domini
788 1372 893 1405 ducis
928 1373 1159 1406 Brabantiae
1186 1382 1256 1414 per
1287 1381 1328 1406 se
1351 1372 1411 1406 vel
1439 1372 1533 1406 alios
1561 1373 1600 1405 in
1627 1371 1867 1405 villicacione

216 1427 409 1460 Thenensi
440 1429 478 1460 et
507 1427 598 1460 alibi
631 1437 716 1460 cum
748 1428 826 1461 suis
850 1429 889 1461 in
917 1428 989 1461 hoc
1014 1429 1228 1462 fautoribus
1258 1429 1296 1462 et
1321 1427 1569 1470 complicibus
1603 1428 1702 1461 dicte
1736 1428 1865 1460 nostre

216 1483 376 1516 diocesis
401 1484 535 1516 contra
558 1484 701 1516 statuta
718 1483 915 1526 synodalia
932 1484 1160 1518 Leodiensia
1173 1485 1212 1517 et
1235 1483 1441 1526 priuilegia
1464 1479 1680 1516 huiusmodi
1696 1483 1864 1516 mulieri-

218 1538 286 1570 bus
301 1547 480 1571 concessa
497 1539 536 1571 et
548 1539 743 1580 antiquam
758 1539 1070 1573 consuetudinem
1086 1540 1286 1582 praetextu
1299 1538 1573 1581 prohibicionis
1586 1538 1624 1572 et
1640 1537 1864 1571 abolicionis

217 1592 433 1627 huiusmodi
450 1595 594 1628 temere
609 1595 805 1628 venientes
819 1595 920 1637 ipsas
939 1594 1122 1628 mulieres
1139 1595 1179 1627 in
1192 1594 1365 1637 predicta
1378 1594 1485 1627 curia
1501 1593 1674 1627 Lewensi
1690 1602 1863 1626 commo-

216 1651 345 1683 rantes
361 1649 477 1692 tallijs
495 1651 533 1684 et
556 1650 818 1684 exactionibus
835 1650 1015 1683 indebitis
1039 1651 1078 1684 et
1110 1650 1342 1683 inconsuetis
1367 1658 1531 1693 grauare
1548 1649 1713 1682 nitentes
1730 1657 1862 1683 earum

217 1705 316 1738 bona
332 1705 372 1738 in
388 1704 482 1738 locis
495 1714 608 1747 quam
623 1705 797 1748 pluribus
813 1706 1028 1746 inbannire,
1055 1706 1246 1739 arrestare
1271 1706 1309 1739 et
1336 1713 1523 1747 occupare
1550 1705 1864 1747 presumpserunt

215 1760 255 1793 et
272 1762 496 1802 presumunt
520 1761 753 1795 sentenciam
769 1761 1180 1795 excommunicacionis
1197 1761 1407 1804 predictam
1424 1758 1718 1802 dampnabiliter
1739 1759 1864 1793 incur-

214 1816 348 1849 rendo.

260 1870 364 1909 Quae
381 1872 488 1905 vobis
502 1872 677 1905 omnibus
693 1873 732 1906 et
748 1872 923 1916 singulis,
944 1873 1007 1914 qui
1034 1881 1148 1915 super
1162 1871 1234 1905 hoc
1258 1881 1281 1906 a
1305 1871 1427 1905 latore
1450 1871 1690 1915 presencium
1712 1870 1864 1904 fueritis

214 1927 391 1968 requisiti
419 1928 487 1968 ita,
505 1928 606 1969 quod
630 1928 670 1961 in
693 1927 766 1970 hijs
800 1928 1052 1971 exsequendis
1076 1927 1174 1962 alter
1198 1927 1362 1961 alterum
1379 1928 1546 1961 vestrum
1563 1936 1638 1960 non
1654 1927 1861 1972 exspectet,

213 1983 441 2016 auctoritate
465 1983 637 2025 predicta
664 1983 910 2026 precipiendo
927 1984 1151 2017 mandamus
1179 1985 1378 2025 quatenus,
1407 1983 1598 2025 predictos
1629 1981 1862 2024 justiciarios

214 2047 423 2079 eorumque
447 2037 650 2081 complices
675 2040 714 2072 et
730 2040 900 2072 fautores
924 2040 1039 2081 prout
1055 2040 1094 2072 et
1121 2039 1167 2072 de
1196 2039 1332 2080 quibus
1349 2039 1395 2072 ab
1424 2038 1558 2072 eodem
1574 2037 1694 2070 lacius
1709 2037 1860 2070 fueritis

214 2093 406 2135 requisiti,
425 2093 558 2127 eadem
576 2094 804 2128 auctoritate
821 2095 1008 2128 moneatis
1021 2094 1174 2133 iterato,
1191 2094 1233 2127 ut
1245 2094 1348 2127 infra
1363 2093 1569 2127 terminum
1582 2092 1669 2135 post
1679 2091 1859 2124 monicio-

213 2157 299 2182 nem
327 2148 543 2182 huiusmodi
574 2158 596 2182 a
623 2150 910 2192 grauaminibus
941 2149 1122 2192 predictis
1163 2150 1354 2183 cessantes
1385 2150 1423 2181 et
1455 2148 1608 2182 omnino
1633 2147 1860 2180 desistentes

215 2204 314 2237 bona
337 2212 469 2237 earum
486 2204 685 2238 inbannita
708 2213 774 2238 seu
799 2206 988 2238 arrestata
1003 2205 1062 2238 vel
1080 2206 1275 2247 occupata,
1302 2205 1416 2246 prout
1438 2203 1613 2246 superius
1630 2203 1688 2235 est
1703 2211 1860 2244 expres-

212 2268 308 2300 sum,
335 2259 589 2300 disbanniant‚
608 2260 846 2294 dearrestent
863 2261 902 2294 et
919 2260 1112 2293 dimittant
1125 2269 1265 2301 easque
1282 2260 1360 2292 suis
1376 2259 1498 2299 bonis,
1516 2258 1677 2300 juribus,
1695 2256 1860 2300 priuile-

212 2315 286 2357 gijs
317 2316 356 2348 et
385 2316 734 2357 consuetudinibus,
765 2317 879 2359 prout
895 2317 983 2350 ante
1001 2315 1305 2358 prohibicionem
1330 2316 1369 2349 et
1395 2314 1648 2348 abolicionem
1670 2312 1861 2356 predictas

213 2371 444 2413 gaudebant,
462 2371 631 2414 gaudere
647 2372 894 2414 permittatur
908 2372 1066 2414 pacifice
1079 2372 1117 2405 et
1134 2372 1273 2413 quiete.

257 2424 437 2466 Alioquin
454 2425 662 2468 culpabiles
678 2427 718 2459 in
733 2427 930 2469 premissis
948 2427 986 2460 ct
1002 2427 1219 2460 monicione
1236 2425 1452 2459 huiusmodi
1476 2434 1550 2458 non
1566 2424 1750 2466 ponentes
1773 2431 1858 2456 cum

215 2479 352 2513 effectu
388 2480 559 2522 predicta
595 2482 1003 2515 excommunicacionis
1035 2481 1230 2515 sentencia
1261 2489 1331 2523 per
1354 2490 1434 2520 n05‚
1464 2481 1506 2513 ut
1527 2479 1750 2522 predicitur,
1780 2478 1859 2511 lata

214 2534 365 2576 publice
383 2536 619 2569 denuncietis
633 2537 847 2570 innodatos.
863 2536 961 2576 Quid
979 2538 1106 2570 autem
1120 2537 1166 2570 de
1182 2535 1364 2579 predictis
1380 2535 1563 2576 feceritis,
1587 2535 1795 2577 jnuenietis
1819 2535 1859 2568 et

214 2590 358 2623 factum
385 2592 515 2632 fuerit,
554 2600 631 2625 una
669 2601 754 2625 cum
792 2592 1009 2625 nominibus
1032 2592 1265 2625 monitorum
1303 2590 1411 2624 nobis
1439 2591 1616 2633 patenter
1645 2591 1685 2623 et
1714 2589 1858 2631 liquide

214 2646 446 2679 rescribatis.

258 2700 398 2734 Datum
424 2710 522 2735 anno
540 2702 749 2736 nativitatis
774 2703 929 2735 Domini
956 2702 1160 2736 millesimo
1190 2701 1458 2735 trecentesimo
1483 2700 1686 2735 trecesimo
1711 2700 1857 2742 quinto,

218 2757 360 2789 mensis
375 2756 547 2799 Januarij
567 2758 628 2792 die
645 2759 777 2799 quinta
793 2758 953 2800 decima,
971 2758 1071 2801 apud
1088 2757 1284 2792 Leodium.

259 2923 304 2966 (1)
328 2925 390 2958 Zie
407 2924 554 2968 hooger
570 2925 616 2958 de
639 2926 736 2959 twee
752 2926 876 2959 eerste
902 2926 1135 2968 paragrafen
1160 2925 1327 2959 alsmede
1355 2933 1425 2958 een
1454 2922 1538 2957 deel
1564 2932 1635 2957 van
1668 2923 1715 2957 de
1739 2914 1856 2957 derde

213 2981 417 3023 paragraaf
431 2989 504 3015 van
516 2980 582 3014 het
595 2980 701 3014 bevel
714 2990 786 3015 van
797 2980 841 3013 34
858 2979 939 3015 Oct.
956 2979 1055 3022 1324,
1075 2990 1143 3014 ons
1155 2980 1245 3014 stuk
1261 2987 1301 3013 nr
1313 2980 1368 3023 53,
1383 2979 1454 3012 blz.
1472 2978 1527 3012 86.
