2050 3470
306 304 369 337 156
877 293 1015 330 ANNO
1041 293 1240 333 1393-1394,
1266 292 1350 325 1395

304 414 420 452 ribus,
438 412 476 445 et
491 411 536 444 de
549 408 668 452 culpis
682 405 849 441 dicendis
866 413 993 439 coram
1010 403 1077 445 eis,
1097 404 1182 446 post
1194 413 1268 437 non
1284 404 1465 438 iterandis
1483 405 1752 440 sacerdotibus.
1769 406 1865 441 Item
1878 416 1924 441 an

305 469 350 501 ad
382 466 557 500 mandata
586 463 850 505 inquisitorum
878 459 1078 492 teneantur
1101 459 1140 492 et
1166 467 1213 492 an
1238 459 1424 493 sententie
1455 459 1576 503 ligent
1606 469 1674 503 per
1697 469 1762 494 eos
1791 462 1925 496 emisse

304 524 341 556 et
354 521 529 563 separent
546 527 567 552 3
582 517 825 560 perceptione
840 514 1160 547 sacramentorum
1177 513 1346 547 ecclesie.

347 576 440 610 Item
455 584 501 608 an
515 571 787 615 hospitaverint
800 578 868 612 per
884 577 947 602 eos
961 568 1316 608 excommunicatos,
1334 567 1393 601 vel
1411 568 1530 602 sciant
1543 569 1687 611 aliquos
1711 578 1927 604 excommu-

304 631 447 664 nicatos
479 627 754 661 sacramentum
781 623 1009 658 eucharistie
1040 623 1266 665 percepisse,
1284 623 1343 657 vel
1374 624 1494 657 sciant
1517 625 1857 659 excommunicatos
1881 626 1927 659 ab

303 684 598 726 inquisitoribus
627 682 763 714 Utrum
787 680 900 712 liceat
927 679 966 711 in
982 678 1263 711 matrimonium
1280 687 1484 720 assumere,
1510 681 1609 713 etan
1626 681 1665 713 111
1688 681 1927 714 matrimonio

303 741 385 782 quis
398 740 523 772 vivere
539 737 656 780 possit
674 736 756 768 sine
772 734 942 777 peccato.

344 796 400 827 An
430 794 542 826 liceat
567 792 621 825 eis
656 791 828 832 recipere
858 789 904 822 ad
931 788 1150 821 societatem
1174 797 1279 820 suam
1303 789 1505 822 existentes
1532 790 1570 822 in
1594 789 1844 822 matrimonio.
1870 790 1928 823 An

301 850 420 882 sciant
434 849 471 881 in
487 848 666 880 societate
683 854 750 878 sua
763 845 879 877 fuisse
896 843 990 877 tales
1008 845 1044 876 et
1060 843 1123 884 qui
1141 843 1178 876 et
1194 852 1266 884 que
1284 844 1427 876 fuerint
1445 847 1482 877 et
1499 854 1545 877 an
1559 854 1626 887 per
1638 845 1709 877 hoc
1721 845 1930 878 meruerint

301 903 359 937 vel
377 902 624 946 peccaverint.
650 902 708 934 An
725 901 843 933 status
861 908 992 932 eorum
1008 898 1057 931 sit
1073 899 1279 940 perfectior
1294 899 1532 932 matrimonio
1560 900 1617 933 vel
1634 899 1718 933 aliis
1734 899 1928 943 religioni-

300 961 367 992 bus
395 958 610 1001 approbatis
633 956 692 989 vel
716 955 975 997 imperfectior
1005 953 1064 987 vel
1095 953 1251 995 equalis.
1286 953 1337 987 De
1367 956 1601 988 sacramento
1635 956 1854 997 penitentie,
1881 965 1929 989 an

301 1016 418 1047 bonus
435 1014 544 1046 homo
560 1013 733 1046 teneatur
749 1010 934 1044 confiteri.
952 1010 1010 1044 An
1028 1008 1158 1051 culpas
1174 1018 1305 1043 eorum
1329 1010 1476 1052 possint
1491 1011 1592 1044 inter
1608 1019 1649 1044 se
1665 1010 1792 1044 dicere
1819 1011 1858 1045 et
1881 1019 1929 1044 311

303 1079 372 1112 per
389 1069 460 1102 hoc
475 1068 702 1112 purgentur.

651 1142 909 1178 Stadsarchief
924 1151 996 1176 van
1014 1143 1132 1183 Soest‚
1160 1142 1365 1186 afgedrukt
1390 1143 1439 1185 bij
1470 1142 1618 1177 Walter
1639 1142 1825 1184 Ribbeck,
1847 1142 1928 1176 Bei-

694 1201 886 1242 trdye⁴zzcr
905 1196 1116 1231 Geschichte
1139 1196 1207 1231 der
1228 1196 1439 1231 romischen
1455 1197 1676 1242 Inquisition
1698 1198 1739 1231 in
1753 1195 1928 1231 Deutsch-

691 1251 784 1285 land
806 1251 986 1285 wa'hrend
998 1250 1062 1285 des
1086 1253 1139 1285 14.
1163 1251 1244 1285 und
1268 1253 1321 1286 15.
1345 1251 1624 1286 Jahrhunderts
1647 1252 1699 1295 (in
1722 1250 1931 1296 Zeitsehrift

695 1306 759 1350 fier
790 1305 1086 1340 vaterldndz'sche
1122 1304 1328 1339 Geschz‘chte
1357 1305 1439 1339 und
1472 1305 1833 1340 Alterthumskunde
1857 1316 1929 1340 van

695 1363 739 1394 A.
759 1361 875 1395 Tibus
892 1370 938 1395 en
957 1362 996 1395 C.
1022 1362 1200 1402 Mertens,
1226 1361 1309 1395 deel
1332 1360 1465 1402 XLVI,
1491 1361 1562 1394 blz.
1586 1361 1742 1395 138-143.
1760 1361 1930 1396 Miinster

699 1417 808 1459 1888).

945 1550 1045 1597 107
1082 1544 1281 1610 (2391212).

366 1684 486 1732 1395,
520 1683 677 1726 Maart
701 1683 766 1732 19,
821 1679 1125 1726 Windesheim
1163 1679 1248 1739 (sz
1279 1679 1479 1735 Zwolle).
1526 1679 1772 1724 Notarie'ele
1814 1681 1924 1732 acte,

306 1750 483 1808 waarbij
505 1751 589 1809 vijf
614 1764 847 1794 voorname
880 1750 1006 1793 leden
1038 1749 1115 1793 der
1153 1749 1255 1792 orde
1287 1763 1372 1792 van
1406 1748 1708 1792 Windesheim
1737 1748 1929 1805 plechtig

306 1822 478 1866 instaan
500 1835 607 1866 voor
624 1822 675 1865 de
693 1820 1124 1877 rechtgeloovigheid
1149 1835 1202 1863 en
1226 1820 1536 1877 godvruchtige
1553 1820 1831 1877 levenswiJze
1853 1819 1930 1863 der

306 1891 518 1934 Broeders
539 1905 624 1934 van
657 1892 733 1934 het
767 1904 974 1946 gemeene
996 1890 1142 1934 leven.
1165 1915 1221 1922 —
1238 1889 1380 1933 Johan
1397 1889 1654 1934 Goossensz.
1679 1889 1786 1941 Vos,
1813 1889 1932 1945 prior

306 1973 390 2003 van
414 1959 736 2012 Windesheim,
762 1959 903 2003 ι1011311
929 1959 1177 2002 Hamerken
1195 1958 1239 2015 (a
1262 1958 1473 2015 Kempis),
1499 1958 1617 2014 prior
1638 1971 1724 2001 van
1740 1957 1931 2001 Marien-

306 2027 415 2072 born
439 2029 493 2086 bij
517 2028 728 2080 Arnhem,
766 2029 960 2072 Werner
992 2028 1294 2085 Keyenkamp,
1320 2027 1437 2083 prior
1470 2041 1555 2070 van
1586 2026 1850 2071 Nieuwlicht
1870 2025 1928 2085 bij

308 2098 472 2148 Hoorn,
511 2097 707 2141 Hendrik
746 2097 912 2148 Wilde,
954 2096 1152 2153 subprior
1190 2110 1275 2140 van
1303 2096 1620 2147 Windesheim,
1663 2109 1716 2139 en
1754 2095 1930 2139 Goswin

308 2167 493 2223 Tyasen,
515 2166 742 2210 kanunnik
780 2179 867 2209 van
905 2165 1221 2218 Windesheim,
1259 2164 1505 2218 verklaren,
1535 2162 1640 2208 νόὀι·
1661 2164 1743 2208 (1011
1765 2164 1931 2208 notaris

307 2235 487 2279 Willem
511 2234 688 2278 Henrici
705 2249 758 2278 en
782 2234 873 2278 drie
897 2234 1102 2292 getuigen
1126 2233 1341 2292 (Hendrik
1362 2233 1534 2285 Mande,
1560 2235 1643 2278 Jan
1665 2233 1855 2278 Scutken
1876 2246 1930 2277 en

305 2304 463 2347 Steven
481 2304 655 2355 Mulert,
683 2303 924 2361 priesters),
952 2304 1025 2348 dat
1049 2304 1102 2361 zij
1128 2306 1171 2347 te
1188 2304 1405 2347 Deventer
1424 2305 1512 2346 met
1541 2305 1730 2346 meester
1748 2303 1932 2346 Florens

309 2373 575 2430 Radewyns,
616 2372 806 2417 Lubbert
842 2376 916 2416 ten
939 2374 1133 2417 Bussche
1177 2387 1231 2416 en
1264 2386 1382 2416 meer
1413 2372 1574 2415 andere
1611 2371 1815 2416 broeders
1845 2385 1930 2416 van

310 2441 386 2485 het
417 2455 623 2498 gemeene
658 2442 784 2485 leven
817 2442 961 2486 sedert
998 2442 1099 2498 lang
1136 2441 1305 2485 hebben
1345 2454 1584 2498 omgegaan
1623 2455 1693 2494 en,
1734 2441 1832 2484 dien
1854 2442 1930 2484 1011

310 2511 509 2567 gevolge‚
537 2511 704 2554 durven
726 2510 995 2568 bevestigen,
1022 2510 1097 2554 dat
1118 2511 1170 2568 zij
1196 2511 1424 2567 geenszins
1446 2524 1529 2554 van
1551 2510 1727 2568 ketterij
1751 2510 1932 2554 kunnen

309 2579 488 2623 worden
524 2579 737 2623 verdacht
769 2593 823 2623 en
852 2580 924 2624 dat
948 2580 1000 2637 zij
1041 2579 1154 2623 niets
1193 2581 1321 2632 doen,
1366 2579 1441 2624 dat
1462 2582 1549 2623 met
1583 2579 1635 2622 de
1666 2582 1831 2623 wetten
1854 2579 1931 2623 der

308 2649 430 2692 Kerk
454 2649 566 2692 noch
589 2650 678 2692 met
715 2648 767 2692 de
791 2647 863 2692 bul
888 2649 964 2692 E'x
995 2650 1203 2707 injuncto
1235 2662 1319 2692 van
1342 2662 1448 2704 paus
1470 2647 1705 2705 Gregorius
1727 2648 1792 2692 XI
1813 2648 1933 2705 strij-

311 2716 383 2773 dig
398 2717 450 2768 is,
478 2717 666 2773 hetgeen
688 2717 741 2775 zij
767 2716 913 2760 bereid
935 2718 1022 2774 zijn
1048 2718 1184 2761 onder
1200 2718 1303 2761 eede
1330 2717 1375 2761 in
1397 2718 1426 2761 ’t
1448 2716 1666 2773 openbaar
1693 2720 1737 2761 te
1760 2716 1932 2761 verkla-

313 2799 389 2828 ren
408 2791 482 2829 ten
501 2786 623 2829 einde
641 2786 693 2829 de
711 2786 907 2843 belagers
930 2786 1022 2830 dier
1037 2787 1353 2844 godvruchtige
1371 2800 1424 2831 011
1441 2786 1703 2844 deugdzame
1721 2786 1932 2830 Broeders

312 2857 354 2898 10
372 2854 649 2899 beschemen.

354 2930 398 2964 In
415 2931 565 2965 nomine
583 2931 733 2965 Domini
750 2940 871 2966 amen.
898 2932 1006 2966 Anno
1034 2931 1240 2966 nativitatis
1263 2932 1430 2974 ejusdem
1454 2931 1551 2972 1395,
1576 2930 1782 2966 indictione
1804 2930 1931 2972 tertia,
1959 2973 1964 2979 .

313 2986 450 3021 mensis
466 2985 606 3028 Martii,
623 2987 684 3021 die
702 2986 755 3028 19,
773 2986 867 3022 hora
882 2996 1124 3032 vesperarum
1149 2987 1207 3022 vel
1231 2988 1350 3031 quasi,
1374 2987 1612 3031 pontificatus
1644 2986 1869 3021 sanctissimi
1891 2987 1931 3021 in
