2050 3470
234 256 277 288 40
920 257 1056 291 ANNO
1082 257 1161 289 1231

231 367 637 422 kettervervolging
660 367 702 409 in
726 367 1006 410 Duitschland
1028 368 1164 412 onder
1196 369 1247 412 de
1273 370 1435 428 leiding
1463 386 1548 415 van
1572 373 1741 417 Conrad
1775 389 1860 418 van

235 436 440 493 Marburg
473 442 559 480 met
601 437 711 494 zijne
741 442 856 481 twee
898 439 1085 493 helpers‚
1129 453 1183 482 en
1222 455 1326 483 over
1370 442 1446 485 het
1486 445 1764 499 verspreiden
1807 459 1861 488 en

233 505 566 548 onderdrukken
591 505 667 548 der
683 506 857 563 ketterij
884 507 924 548 in
949 506 1024 549 het
1043 506 1192 563 gebied
1217 523 1299 551 van
1324 510 1405 553 den
1429 512 1753 569 aartsbisschop
1776 527 1863 556 van

235 575 375 618 Trier.
397 599 449 606 ——
475 575 542 616 Na
572 573 878 630 breedvoerige
910 576 1287 632 aanteekeningen
1327 591 1430 621 over
1476 579 1526 622 de
1571 581 1863 637 handelingen

233 656 313 684 van
342 642 423 685 den
446 642 704 698 inquisiteur
725 643 893 686 Conrad
918 658 999 686 van
1033 644 1243 700 Marburg
1276 645 1424 690 buiten
1461 662 1568 691 onze
1592 649 1866 693 Nederland-

236 712 337 754 sche
360 715 582 767 gewesten
606 711 748 754 wordt
771 711 971 767 geboekt‚
1000 712 1074 755 dat
1097 717 1139 756 te
1162 714 1285 756 Trier
1309 715 1404 758 drie
1427 715 1789 774 kettersgroepen
1823 718 1872 761 of

235 786 382 826 secten
406 783 581 825 werden
605 783 800 835 ontdekt‚
830 784 969 826 welke
1006 785 1154 828 hunne
1192 786 1444 843 dwalingen
1483 803 1648 840 waren,
1692 791 1773 834 hoe
1816 805 1866 834 ze

234 851 339 893 door
381 851 462 894 den
506 851 824 907 aartsbisschop
858 854 1067 909 vervolgd
1101 855 1278 897 werden
1304 870 1357 898 en
1383 856 1496 899 welk
1531 858 1593 901 lot
1626 858 1678 915 zij
1714 860 1868 902 onder-

236 922 412 978 gingen,
449 936 489 966 0.
525 937 564 967 a.
601 937 706 966 eene
730 937 896 972 vrouw,
931 925 1135 968 Lucardis
1169 927 1396 982 genoemd,
1433 928 1500 971 die
1534 927 1763 974 beweerde
1795 931 1869 974 dat

237 993 406 1036 Lucifer
437 997 511 1037 ten
535 994 741 1038 onrechte
759 995 822 1038 uit
839 995 922 1037 den
944 996 1084 1039 hemel
1111 1010 1201 1039 was
1227 998 1485 1043 verdreven.

735 1103 802 1147 [De
832 1103 1050 1138 Theoderico
1073 1105 1370 1151 archiepiscopo]

278 1191 385 1223 Anno
402 1191 550 1223 Domini
569 1191 663 1224 1231.
691 1191 782 1225 Orta
798 1194 854 1225 est
872 1194 1083 1234 persecutio
1101 1194 1355 1227 hereticorum
1376 1205 1443 1237 per
1464 1197 1580 1229 totam
1599 1198 1873 1239 Alemanniarn,

236 1247 274 1277 et
297 1246 417 1278 exusti
443 1247 529 1278 sunt
549 1246 702 1287 plurimi
727 1257 795 1289 per
818 1249 1038 1280 continuum
1067 1249 1283 1282 triennium.
1311 1250 1477 1292 Eratque
1502 1252 1674 1295 princeps
1700 1255 1737 1286 et
1763 1255 1875 1295 caput

238 1299 349 1332 huius
366 1301 638 1341 persecutionis
652 1303 826 1344 magister
844 1303 1033 1336 Conradus
1048 1304 1093 1337 de
1110 1304 1324 1344 Marburch,
1351 1308 1387 1338 et
1410 1306 1572 1339 ministri
1590 1307 1670 1340 eius
1684 1308 1875 1341 Conradus

238 1355 388 1396 quidam
399 1359 646 1398 cognomento
662 1357 756 1389 Tors
770 1359 807 1390 et
818 1358 1010 1391 Johannes
1025 1368 1156 1392 carens
1169 1369 1244 1392 uno
1259 1360 1367 1392 oculo
1382 1362 1419 1393 et
1432 1370 1506 1401 una
1519 1371 1650 1404 manu3
1665 1363 1728 1404 qui
1742 1363 1814 1396 duo
1829 1373 1877 1396 ex

239 1409 416 1443 hereticis
436 1412 605 1443 conversi
619 1412 733 1444 fuisse
747 1413 978 1445 ferebantur.
1007 1413 1083 1446 Iste
1109 1416 1164 1447 est
1190 1415 1372 1457 magister
1393 1415 1596 1456 Conradus‚
1616 1418 1680 1458 qui
1697 1417 1735 1450 in
1748 1417 1877 1451 multis

237 1465 570 1506 predicationibus,
585 1468 622 1498 et
635 1467 796 1500 maxime
815 1468 859 1500 de
881 1478 991 1501 cruce
1018 1469 1188 1511 signatis,
1208 1470 1386 1510 famosus,
1415 1471 1677 1504 auctoritatem
1701 1481 1877 1515 magnam

238 1522 309 1554 sibi
327 1523 608 1563 comparaverat
622 1523 659 1554 in
672 1523 839 1565 populis3
856 1525 919 1565 qui
933 1525 978 1557 de
992 1525 1206 1558 visitatione
1223 1524 1449 1558 clericorum
1475 1528 1585 1568 atque
1600 1528 1821 1561 monialium
1839 1538 1878 1562 se

238 1577 505 1616 intromittenS,
524 1585 587 1609 eos
601 1578 646 1609 ad
665 1578 939 1612 observantiam
957 1579 1173 1621 regularem
1190 1581 1228 1612 et
1245 1581 1289 1612 ad
1308 1581 1578 1614 continentiam
1596 1583 1720 1616 artare
1737 1583 1876 1625 voluit3

243 1632 380 1673 quique
394 1632 617 1665 auctoritate
631 1633 836 1674 apostolica
848 1635 967 1667 fretus
990 1636 1027 1667 et
1041 1635 1155 1667 animi
1181 1637 1391 1668 constantia
1414 1638 1597 1678 preditus,
1619 1639 1673 1671 ita
1691 1639 1880 1672 animosus

241 1688 360 1720 factus
374 1689 443 1728 est,
453 1688 494 1719 ut
508 1689 695 1721 neminem
707 1689 870 1728 timeret,
885 1690 1054 1731 tantique
1068 1691 1166 1722 esset
1179 1691 1214 1723 ei
1229 1699 1295 1722 rex
1311 1691 1368 1724 vel
1383 1692 1579 1734 episcopus
1594 1694 1724 1734 quanti
1734 1703 1879 1736 pauper

242 1741 370 1774 laicus.
387 1742 693 1784 Cooperabantur
706 1745 831 1777 autem
843 1744 877 1776 ei
892 1745 928 1776 et
941 1744 1122 1776 ministris
1139 1745 1215 1776 suis
1230 1746 1386 1786 prefatis
1402 1747 1658 1787 predicatores
1672 1757 1741 1789 per
1754 1749 1881 1791 singu-

243 1796 297 1828 las
324 1797 512 1838 civitates3
541 1800 742 1840 tantusque
759 1799 831 1830 fuit
856 1799 1023 1831 omnium
1047 1798 1160 1839 zelus,
1180 1800 1222 1831 ut
1239 1799 1392 1840 nullius,
1420 1801 1484 1841 qui
1502 1802 1648 1834 tantum
1660 1802 1882 1844 propalatus

242 1852 352 1890 esset,
371 1852 561 1884 excusatio
586 1852 643 1885 vel
662 1854 860 1891 recusatio,
881 1852 1019 1885 nullius
1046 1854 1216 1895 exceptio
1235 1853 1293 1886 vel
1318 1855 1579 1887 testimonium
1604 1856 1880 1897 admitteretur,

245 1916 312 1940 nec
328 1906 553 1939 defendendi
578 1906 681 1940 locus
706 1909 873 1945 daretur,
893 1908 957 1941 sed
982 1917 1050 1941 nec
1066 1909 1216 1942 inducie
1240 1908 1528 1943 deliberationis
1546 1911 1747 1953 darentur3
1763 1912 1828 1945 sed
1841 1913 1881 1945 in

243 1962 450 1994 continenti
469 1963 665 2003 oportebat
687 1972 772 1995 eum
789 1963 846 1995 vel
866 1972 971 1996 reum
986 1972 1024 1995 se
1043 1964 1215 1996 confiteri
1229 1965 1267 1996 et
1289 1965 1327 1996 in
1345 1965 1595 2006 penitentiam
1615 1966 1802 2000 recalvari
1818 1967 1877 2000 vel

245 2017 384 2049 crimen
410 2023 550 2058 negare
573 2016 610 2047 et
633 2016 804 2048 cremari.
832 2015 991 2057 Insuper
1007 2016 1071 2056 qui
1097 2016 1149 2048 sic
1174 2017 1388 2049 tonsoratus
1414 2019 1523 2056 esset,
1551 2019 1774 2060 opportebat
1796 2028 1882 2052 eum

245 2073 445 2114 complices
470 2081 555 2104 suos
583 2072 756 2113 prodere,
782 2071 948 2113 alioquin
973 2072 1064 2104 item
1081 2071 1240 2104 debebat
1265 2073 1438 2105 cremari.
1466 2073 1573 2106 Unde
1598 2074 1763 2115 putatur,
1784 2075 1883 2116 quod

247 2129 362 2169 aliqui
377 2127 595 2159 innocentes
613 2127 734 2159 exusti
751 2127 912 2159 fuerent.
934 2126 1042 2159 Multi
1057 2127 1157 2159 enim
1170 2128 1325 2168 propter
1337 2127 1584 2169 temporalem
1597 2128 1713 2161 vitam
1730 2130 1767 2162 et
1784 2139 1883 2162 amo-

247 2193 327 2216 rem
344 2182 524 2215 heredum
541 2190 693 2213 suorum
718 2183 1005 2221 confitebantur,
1032 2192 1070 2215 se
1095 2183 1212 2214 fuisse
1236 2183 1335 2223 quod
1357 2192 1429 2215 non
1454 2184 1617 2222 fuerant,
1645 2185 1681 2217 et
1707 2186 1820 2218 artati
1839 2186 1886 2218 ad

248 2239 509 2279 accusandum,
525 2238 749 2271 accusabant
763 2238 860 2278 quod
887 2238 1103 2270 nesciebant
1127 2239 1164 2270 et
1191 2248 1283 2279 quos
1303 2238 1491 2271 nolebant.
1508 2238 1605 2277 Quin
1623 2238 1737 2270 etiam
1749 2237 1788 2268 in
1801 2236 1886 2269 ulti-

247 2294 317 2326 mis
341 2293 615 2335 deprehensum
633 2294 700 2331 est,
723 2293 821 2333 quod
838 2292 996 2325 heretici
1014 2293 1160 2334 aliquos
1178 2293 1223 2325 de
1249 2294 1325 2325 suis
1346 2294 1655 2330 subornaverant,
1675 2292 1738 2333 qui
1753 2301 1792 2324 se
1806 2292 1887 2324 tan-

249 2357 359 2390 quam
386 2349 424 2380 in
447 2348 693 2389 penitentiam
717 2347 906 2379 tonsurari
931 2348 1183 2389 permiserunt
1222 2350 1258 2380 et
1288 2349 1341 2380 sic
1370 2348 1574 2380 catholicos
1607 2349 1644 2380 et
1667 2347 1886 2379 innocentes

250 2403 527 2435 accusaverunt.
555 2401 703 2434 Talium
720 2403 797 2434 tres
814 2402 909 2443 apud
930 2401 1162 2444 Moguntiam
1190 2403 1291 2443 capti
1316 2403 1489 2443 fuerunt3
1510 2412 1577 2434 nec
1594 2402 1675 2435 erat
1689 2401 1781 2434 adeo
1794 2408 1887 2442 pure

250 2458 332 2498 quis
345 2457 586 2495 conscientie,
601 2457 665 2497 qui
691 2466 728 2489 se
753 2456 965 2488 huiusmodi
991 2458 1252 2497 tempestatem
1265 2466 1338 2488 non
1352 2457 1503 2489 timeret
1526 2457 1732 2489 incurrere.
1750 2454 1887 2488 Nullus

250 2513 364 2545 etiam
377 2521 444 2553 pro
462 2511 657 2549 accusatiS,
677 2520 749 2543 non
768 2511 850 2543 dico
868 2511 1093 2549 intercedre,
1114 2511 1178 2543 sed
1201 2520 1270 2543 nec
1287 2511 1416 2543 mitius
1431 2510 1574 2551 aliquid
1592 2510 1695 2551 loqui
1712 2509 1886 2546 audebat,

251 2568 339 2608 quia
352 2567 479 2599 statim
491 2568 533 2599 ut
549 2566 724 2599 defensor
741 2565 995 2598 hereticorum
1012 2566 1269 2607 reputabatur.
1286 2566 1437 2598 Etenim
1451 2567 1582 2598 contra
1609 2565 1825 2597 defensores
1851 2564 1888 2596 et

252 2622 467 2663 receptores
494 2620 748 2653 hereticorum
777 2621 908 2653 eadem
941 2630 1013 2661 que
1040 2621 1171 2653 contra
1210 2621 1309 2661 ipsos
1337 2620 1525 2653 hereticos
1560 2629 1582 2652 a
1613 2619 1763 2651 domino
1792 2627 1889 2659 papa

253 2676 439 2708 sententia
452 2675 591 2708 dictata
603 2676 850 2716 processerat.
862 2675 1045 2708 Preterea
1061 2676 1286 2716 quicumque
1301 2674 1416 2707 semel
1430 2674 1527 2708 hanc
1541 2674 1774 2716 impietatem
1788 2672 1889 2705 abiu-

253 2733 383 2771 rasset,
409 2732 440 2763 si
465 2730 643 2763 recidisse
668 2730 706 2762 in
724 2730 844 2771 ipsam
861 2731 1063 2770 diceretur,
1087 2732 1226 2771 absque
1244 2729 1323 2763 ulla
1346 2730 1616 2762 retractatione
1633 2727 1889 2770 deprehensus

255 2787 503 2819 cremabatur.

299 2841 376 2873 Nec
394 2840 596 2873 Treverica
607 2840 777 2882 dyocesis
795 2841 839 2873 ab
865 2840 934 2874 hac
962 2842 1165 2874 infectione
1183 2849 1311 2873 exsors
1334 2840 1418 2873 fuit.
1450 2840 1546 2872 Nam
1569 2840 1608 2871 in
1632 2839 1714 2880 ipsa
1738 2837 1892 2871 civitate

254 2894 409 2926 Treveri
426 2895 501 2926 tres
519 2894 635 2927 fuisse
648 2894 768 2927 scolas
785 2894 1050 2936 hereticorum,
1069 2894 1304 2936 publicatum
1319 2894 1386 2927 est.
1402 2894 1498 2927 Nam
1513 2894 1645 2927 exusta
1661 2894 1717 2926 est
1737 2893 1789 2925 ibi
1803 2901 1890 2934 que-

252 2949 336 2981 dam
362 2949 552 2987 Lucardis‚
579 2957 651 2990 que
681 2948 915 2981 sanctissime
939 2949 1014 2982 vite
1038 2949 1253 2990 putabatur,
1279 2957 1351 2989 que
1374 2947 1588 2981 incredibili
1617 2947 1888 2981 lamentatione
