2050 3470
791 273 930 309 ANNO
957 273 1043 307 1419
1677 277 1744 310 407

140 383 221 424 Qua
237 383 390 425 quidem
404 383 589 425 petit-ione
603 385 811 418 summaria
827 386 894 426 sic,
905 386 947 419 ut
963 386 1210 428 premittitur,
1224 387 1361 428 oblata,
1381 388 1552 429 prefatus
1569 388 1742 421 dominus

95 438 300 473 cardinalis
316 439 430 472 iudex
447 440 486 472 et
503 440 797 480 commissarius,
817 442 914 474 sicut
927 442 1122 475 Altissimo
1140 442 1294 484 placuit,
1314 444 1414 477 diem
1432 444 1506 477 vite
1523 453 1589 477 sue
1607 444 1744 477 clausit

95 497 320 530 extremum.
362 495 603 538 Quapropter
636 497 807 538 prefatus
847 498 1021 530 dominus
1050 499 1179 531 noster
1206 509 1304 542 papa
1339 509 1490 533 causam
1525 500 1742 533 huiusmodi

94 551 133 584 in
150 560 195 584 eo
212 551 326 591 statu,
344 551 383 583 in
401 560 474 592 quo
500 551 633 584 ultimo
659 561 787 585 eoram
813 554 946 586 eodem
964 553 1116 586 domino
1135 554 1333 595 cardinali,
1360 555 1485 588 iudice
1510 556 1548 588 et
1571 557 1740 588 commis-

96 607 210 648 sario,
228 606 399 648 tempore
428 606 552 639 obitus
582 608 638 639 sui
668 609 917 648 remanserat,
952 610 1267 642 reverendissimo
1301 611 1398 652 patri
1428 611 1580 643 domino
1611 612 1740 651 Petro,

94 662 338 695 miseratione
377 662 504 694 divina
529 663 657 696 sancte
686 663 807 696 Marie
834 664 871 696 in
909 665 1092 698 Domnica
1124 667 1342 699 sacrosante
1376 666 1550 700 Romane
1581 666 1741 700 ecclesie

95 718 254 751 diacono
273 717 472 756 cardinali,
498 717 745 751 Venetiarum
770 719 910 751 iuniori
943 722 1173 762 nuncupato,
1199 722 1281 754 vive
1306 722 1408 754 vocis
1437 723 1590 755 oraculo
1620 724 1741 764 primo

93 774 132 807 et
147 774 284 807 deinde
308 774 466 814 propter
487 773 657 807 eiusdem
683 774 826 807 domini
852 775 1056 809 cardinalis
1082 777 1327 809 venetiarum
1351 778 1512 810 iunioris
1530 787 1551 811 a
1569 779 1743 811 Romana

94 830 200 862 curia
235 829 446 862 absentiam
478 829 586 861 nobis
611 829 819 870 Anthonio,
839 831 971 864 eadem
1003 832 1249 866 miseratione
1273 833 1375 866 tituli
1404 834 1532 866 sancte
1573 834 1742 867 Susanne

96 885 196 918 dicte
212 885 386 918 Romane
415 884 576 917 ecclesie
604 886 818 926 presbitero
845 887 1043 927 cardinali,
1077 888 1326 931 Aquilegensi
1362 888 1572 931 vulgariter
1603 899 1742 922 nuncu-

94 940 196 982 pato,
212 939 402 972 commisit
419 940 689 972 resumendum
707 941 744 973 et
761 940 923 974 ulterius
938 942 1167 975 audiendum
1181 944 1219 976 ct
1231 944 1305 976 fine
1320 943 1446 976 debito
1462 944 1742 977 terminandum

95 1005 180 1028 cum
200 995 374 1028 omnibus
409 996 447 1028 et
478 995 640 1038 singulis
666 997 743 1028 suis
768 998 1067 1039 emergentibus,
1093 998 1360 1038 incidentibus,
1387 999 1688 1041 dependentibus
1706 1002 1745 1033 ct

94 1051 286 1084 connexis.
313 1050 542 1084 Huiusmodi
574 1052 605 1083 si
634 1052 788 1093 quidem
817 1053 1096 1086 commissionis
1121 1054 1252 1096 vigore
1285 1063 1399 1087 causa
1426 1055 1642 1088 huiusmodi
1676 1065 1743 1097 per

95 1117 163 1140 nos
196 1106 322 1140 debite
353 1107 550 1148 resumpta
581 1116 624 1140 ac
657 1107 814 1148 aliquali
842 1108 1020 1141 ulteriori
1046 1110 1265 1142 continuato
1289 1119 1468 1152 processu
1494 1120 1561 1143 nos
1586 1112 1632 1144 ad
1652 1112 1740 1144 dicti

97 1163 271 1205 magistri
290 1162 397 1196 Olavi
413 1163 561 1202 Jacobi,
581 1163 820 1206 instigatoris
838 1173 903 1197 seu
921 1165 1150 1206 promotoris
1168 1166 1296 1205 officii,
1316 1166 1536 1199 instantiam
1553 1168 1744 1208 prefatum

95 1219 255 1251 fratrem
271 1218 468 1251 Matheum
487 1219 533 1251 ad
551 1219 854 1253 concludendum
873 1220 911 1253 et
924 1220 1099 1253 concludi
1117 1222 1320 1254 videndum
1337 1231 1484 1255 necnon
1501 1222 1744 1263 audiendum,

95 1274 336 1307 diffinitivam
368 1275 406 1306 in
435 1274 506 1307 hac
532 1283 646 1307 causa
669 1275 763 1307 ferri
789 1276 826 1308 et
843 1275 1080 1318 promulgari
1109 1277 1349 1317 sententiam,
1383 1286 1452 1319 per
1482 1278 1629 1310 certum
1654 1278 1744 1311 dicti

93 1330 236 1362 domini
261 1331 381 1362 nostri
415 1339 510 1372 pape
533 1339 729 1363 cursorem
757 1331 867 1363 citari
897 1331 1156 1364 mandavimus
1189 1333 1227 1364 et
1251 1333 1409 1365 fecimus
1435 1333 1481 1365 ad
1511 1334 1656 1366 certum
1682 1343 1742 1375 pe-

94 1386 349 1428 remptorium
363 1386 568 1419 terminum
581 1388 874 1428 competentem,
892 1387 1071 1420 videlicet
1084 1388 1130 1420 ad
1145 1388 1246 1420 diem
1263 1390 1301 1421 et
1318 1388 1450 1421 horam
1467 1389 1743 1431 infrascripta&

95 1451 189 1482 quos
221 1442 294 1483 ipsi
324 1442 508 1484 magistro
536 1441 667 1482 Olavo,
694 1443 913 1485 instigatori
938 1452 1003 1475 seu
1037 1444 1247 1484 promotori
1281 1444 1409 1484 officii,
1443 1445 1665 1486 prefiximus
1699 1446 1745 1478 ad

95 1498 198 1531 idem
221 1498 452 1531 faciendum.

140 1554 284 1592 Quibus
302 1554 455 1595 quidem
472 1554 533 1587 die
559 1554 597 1587 et
621 1554 716 1587 hora
733 1555 1034 1595 advenientibus,
1053 1557 1359 1597 comparentibus
1387 1557 1426 1589 in
1454 1557 1596 1591 iudicio
1618 1568 1746 1592 coram

96 1610 205 1642 nobis
233 1610 418 1652 magistro
449 1610 565 1644 Olavo
601 1610 750 1650 Jacobi,
787 1611 1006 1652 promotore
1038 1620 1102 1644 seu
1137 1613 1365 1655 instigatore
1401 1614 1528 1654 officii,
1559 1615 1598 1647 et
1627 1615 1746 1647 fratre

95 1664 281 1705 MattheO,
310 1665 529 1707 principali,
548 1665 726 1699 hincinde
744 1666 938 1707 predictis,
957 1666 1060 1700 idem
1073 1668 1256 1710 magister
1281 1668 1432 1710 Olavus,
1458 1669 1662 1712 instigator
1679 1680 1745 1703 seu

94 1722 292 1764 promotor
317 1722 446 1764 officii,
476 1723 659 1763 quantum
683 1722 723 1754 in
752 1731 796 1755 eo
824 1723 910 1762 fuit,
940 1722 979 1755 in
1004 1722 1074 1756 hac
1102 1733 1216 1757 causa
1246 1724 1432 1758 conclusit
1467 1726 1516 1767 et,
1550 1735 1679 1759 secum
1706 1726 1745 1758 in

93 1777 227 1811 eadem
244 1777 367 1819 primo
382 1777 557 1810 concludi
575 1778 613 1811 et
627 1778 764 1812 deinde
779 1779 1019 1812 diffinitivam
1036 1780 1263 1813 sententiam
1289 1781 1422 1814 contra
1438 1781 1562 1824 ipsum
1586 1782 1746 1815 fratrem

93 1832 302 1873 Matheum‚
336 1842 383 1866 ex
415 1834 573 1866 adverso
609 1834 875 1876 principalem,
913 1836 1129 1876 presentem
1160 1835 1197 1868 et
1234 1836 1466 1878 audientem,
1503 1837 1611 1870 iuxta
1645 1837 1745 1869 dicte

93 1888 288 1931 petitionis
316 1889 479 1921 formam
508 1890 620 1930 atque
651 1890 823 1923 tenorem
852 1891 890 1923 in
928 1891 1079 1932 scriptis
1104 1891 1198 1923 ferri
1231 1892 1268 1924 et
1295 1892 1535 1935 promulgari
1563 1902 1631 1935 per
1663 1903 1744 1933 neS,

93 1944 222 1978 debita
250 1953 336 1977 cum
363 1945 545 1977 instantia
568 1945 786 1987 postulavit.

139 2000 217 2033 Nos
248 2001 339 2032 tunc
362 1999 590 2040 Anthon1us,
621 2000 840 2041 cardinalis
871 2002 985 2034 iudex
1014 2003 1052 2035 et
1076 2003 1358 2036 commissarius
1383 2004 1566 2045 prefatus,
1597 2014 1681 2037 cum
1700 2014 1747 2039 ex

96 2056 221 2088 officio
239 2055 348 2088 nobis
370 2056 410 2088 in
434 2055 505 2089 hac
528 2058 638 2098 parte
667 2058 867 2089 commisso
897 2067 970 2089 non
989 2058 1112 2090 solum
1137 2068 1300 2101 arguere
1325 2060 1363 2091 et
1379 2060 1591 2101 increpare,
1617 2070 1748 2094 verum

94 2111 211 2144 etiam
239 2111 362 2154 ligare
403 2112 440 2145 et
476 2113 756 2154 condempnare
787 2114 998 2152 teneamur,
1037 2114 1207 2155 quamvis
1247 2115 1372 2155 potius
1414 2115 1453 2147 in
1485 2115 1622 2149 ardore
1650 2117 1748 2150 bone

95 2167 285 2209 opinionis
304 2167 394 2200 dicti
412 2168 543 2200 fratris
562 2167 719 2209 Mathei,
738 2177 851 2209 quam
876 2169 995 2210 ipsius
1023 2170 1236 2210 pertinacia
1260 2171 1472 2204 execranda
1500 2170 1747 2214 delectemur,

93 2222 265 2256 fraterna
292 2223 568 2265 caritativaque
596 2224 871 2257 monitionibus
902 2225 1066 2257 eundem
1106 2235 1181 2258 non
1210 2226 1292 2259 sine
1333 2227 1457 2259 cordis
1493 2228 1747 2262 amaritudine

93 2277 257 2312 solerter
287 2281 549 2312 ammonentes
577 2280 619 2312 ut
647 2280 878 2312 correctioni
904 2281 1032 2312 sancte
1062 2281 1194 2313 matris
1225 2281 1384 2314 ecclesie
1418 2292 1460 2315 ac
1486 2284 1604 2315 nostri
1634 2284 1747 2317 corde

94 2342 190 2375 puro
209 2333 408 2367 humiliter
425 2335 591 2376 pareret,
621 2344 667 2368 ne
692 2336 885 2377 tamquam
902 2336 1115 2368 membrum
1139 2337 1334 2378 putridum
1352 2338 1398 2370 ab
1416 2339 1562 2372 unitate
1587 2340 1747 2373 ecclesie

94 2389 391 2431 dampnabiliter
419 2390 646 2430 deiceretur,
673 2391 787 2432 prout
811 2391 908 2423 tanti
937 2390 1092 2423 sceleris
1121 2392 1290 2434 gravitas
1319 2394 1493 2435 requirit,
1520 2394 1642 2428 dictus
1659 2397 1748 2429 tunc

92 2445 215 2477 frater
247 2445 422 2478 Matheus
455 2447 502 2479 ad
527 2447 681 2479 modum
710 2447 882 2489 aspidum
907 2448 1109 2480 surdarum
1142 2457 1254 2481 aures
1282 2459 1369 2482 suas
1401 2451 1674 2493 obturantium,
1700 2462 1747 2485 ne

93 2509 226 2533 vocem
251 2501 407 2534 audiant
430 2502 675 2542 incantantis,
694 2503 796 2536 fame
823 2512 890 2536 sue
919 2504 1117 2545 prodigus,
1137 2505 1182 2537 ad
1212 2504 1475 2546 irreparabilis
1501 2507 1748 2540 desolationis

96 2556 344 2598 obprobrium
362 2558 487 2590 animo
505 2558 734 2592 irreverenti
749 2559 940 2592 infrenato
959 2560 1143 2592 deductus
1160 2560 1360 2602 prudentie
1375 2571 1442 2595 sue
1457 2564 1589 2596 contra
1602 2564 1749 2605 sapien-

93 2612 175 2644 tum
199 2611 394 2655 eulogium
413 2614 595 2655 innitens,
623 2623 736 2656 quam
754 2615 972 2648 sanctorum
997 2616 1149 2657 patrum
1169 2616 1351 2649 doctrinis
1368 2620 1654 2659 perpenderare
1673 2630 1747 2653 11011

93 2668 312 2708 verebatur,
330 2667 498 2702 heresim
516 2670 555 2702 et
571 2679 724 2703 errores
742 2680 830 2703 suos
848 2670 1082 2712 pertinacius
1100 2671 1330 2704 defensando
1352 2683 1358 2704 :
1387 2673 1495 2707 Unde
1513 2684 1580 2707 nos
1599 2675 1749 2709 oculata

92 2723 166 2756 fide
190 2723 434 2757 obstinatiam
458 2724 578 2766 ipsius
607 2726 737 2758 fratris
767 2725 981 2766 Mathei,i11
1006 2727 1233 2767 reprobrum
1262 2736 1414 2761 sensum
1432 2729 1549 2769 ducti,
1575 2732 1748 2764 conside-

90 2779 237 2820 rantes,
272 2780 515 2813 severitatem
553 2781 648 2813 iuris
684 2782 821 2814 merito
846 2781 1121 2823 amplexantes,
1150 2783 1204 2821 ut,
1237 2792 1330 2823 quos
1361 2784 1476 2818 timor
1501 2786 1571 2818 Dei
1596 2795 1618 2819 a
1649 2787 1748 2820 malo

94 2844 169 2867 non
194 2837 360 2876 revocat,
389 2835 610 2878 temporalis
641 2837 777 2871 saltem
805 2846 904 2878 pena
933 2837 1136 2870 coherceat
1171 2848 1192 2871 a
1227 2840 1395 2880 peccato,
1431 2850 1504 2874 una
1533 2851 1619 2874 cum
1648 2842 1748 2875 dieto

93 2891 280 2934 magistro
310 2891 441 2933 Olavo,
482 2893 710 2936 instigatore
747 2903 814 2927 seu
854 2895 1073 2936 promotore
1113 2895 1241 2933 officii,
1271 2895 1522 2929 concludente
1554 2898 1593 2930 et
1620 2907 1748 2931 secum

95 2945 274 2980 concludi
299 2949 467 2990 petente,
496 2949 535 2982 in
560 2949 632 2983 hac
656 2959 770 2983 causa
795 2950 918 2992 primo
943 2950 1197 2983 conclusimus
1222 2952 1260 2984 et
1283 2952 1433 2991 deinde,
1459 2952 1549 2985 visis
1573 2954 1749 2995 primitus

100 3011 169 3045 per
203 3012 270 3036 nos
298 3004 337 3038 et
368 3003 576 3048 diligenter
603 3005 784 3048 inspectis
811 3006 987 3040 omnibus
1019 3007 1057 3040 et
1088 3006 1251 3050 singulis
1275 3007 1382 3050 actis,
1408 3008 1591 3052 actitatis,
1612 3009 1747 3051 literis,
