2050 3470
765 257 901 293 ANNO
927 257 1116 291 1349-1350
1702 266 1765 300 109

131 369 357 413 adimpletis,
383 377 511 402 omnes
537 369 640 402 ibant
664 370 701 402 in
725 368 850 412 platea
872 370 1048 411 civitatis,
1074 371 1208 405 divites
1233 373 1271 405 et
1296 381 1482 416 pauperes
1508 378 1761 419 exspectando

132 427 162 459 si
191 426 327 468 aliquis
355 434 419 458 eos
443 425 621 458 invitaret
645 427 708 459 aut
736 429 886 459 vocaret
911 427 956 460 ad
984 436 1091 460 suum
1115 426 1333 470 hospitium.
1376 429 1423 462 Et
1458 431 1511 463 sic
1544 432 1689 466 invitati
1726 436 1765 468 et

130 482 251 515 vocati
273 480 499 514 recedebant
534 481 579 513 de
608 479 762 514 licentia
795 482 1052 522 superiorum;
1078 483 1116 515 et
1146 491 1231 515 cum
1267 492 1339 516 non
1372 486 1514 518 vocatis
1545 488 1760 529 superiores

130 536 386 575 remanebant,
405 535 523 567 donec
539 537 664 568 essent
682 535 822 577 recepti
841 536 878 568 in
900 535 1095 578 hospiciis.

172 590 251 624 Nec
263 589 399 631 aliquis
412 597 543 622 eorum
556 591 703 630 poterat
720 589 916 622 comedere
930 591 994 622 aut
1011 599 1207 623 remanere
1223 590 1261 623 in
1283 601 1356 624 uno
1371 592 1469 633 loco,
1486 594 1557 626 nisi
1576 604 1650 629 una
1665 597 1761 638 vice,

129 648 194 681 aut
217 646 294 679 suis
317 645 540 687 sumptibus,
565 646 596 677 si
614 644 697 686 plus
714 646 967 686 remanerent,
993 646 1165 678 faciendo
1183 647 1311 680 tamen
1329 648 1427 681 sieut
1452 650 1490 682 in
1511 650 1587 682 suis
1613 652 1760 686 ordina-

127 702 293 735 tionibus
309 700 533 742 supradictis
557 700 782 733 continetur.
809 700 857 732 Et
883 701 1059 742 quamdiu
1078 701 1149 733 fuit
1166 702 1316 744 tempus
1345 712 1518 737 amenum
1545 708 1583 738 et
1607 708 1761 747 siccum,

126 757 296 800 predicta
319 756 357 788 in
381 754 516 798 plateis
541 755 689 797 publice
713 755 922 796 faciebantg
955 756 1104 797 quando
1130 759 1258 790 autem
1282 759 1383 791 venit
1410 760 1557 802 tempus
1582 760 1760 802 pluviale,

127 814 215 846 tunc
242 812 281 844 in
314 809 496 850 ecclesiis,
529 809 703 843 claustris
731 812 795 843 aut
818 810 1038 843 diversoriis
1069 815 1256 854 coopertis
1297 814 1502 848 faciebant.
1544 815 1634 854 Quis
1672 826 1762 850 sane

128 867 277 906 mentis,
301 866 408 908 juxta
431 866 789 908 prenosticationem
813 866 985 909 magistri
1010 866 1196 900 Johannis
1225 868 1270 901 de
1311 868 1443 910 Muris,
1483 870 1654 912 predicta
1689 879 1762 902 non

127 922 272 955 diceret
288 929 369 955 esse
385 921 501 953 ritum
519 929 656 953 novum
670 922 707 953 et
724 921 1000 963 apparitionem
1017 922 1313 964 prophetarum?

169 975 223 1010 De
249 975 440 1010 devotione
462 974 591 1019 populi
627 975 881 1015 Tornacensis,
910 977 1076 1009 virorum
1100 987 1143 1010 ac
1168 977 1372 1012 mulierum
1401 984 1434 1013 et
1457 979 1570 1013 etiam
1593 979 1760 1022 yeneium

126 1036 395 1065 emto-amarum
419 1031 458 1062 in
474 1030 566 1073 festo
588 1032 841 1074 processionis,
861 1029 959 1074 quod
974 1031 1111 1074 festum
1127 1031 1173 1066 de
1189 1033 1457 1067 consuetudine
1480 1036 1520 1067 in
1537 1033 1596 1068 die
1611 1033 1761 1068 coealta-

126 1088 235 1122 tionis
249 1091 375 1121 sancte
391 1087 510 1120 crucis
527 1084 754 1126 celebratum
767 1091 799 1120 et
816 1087 857 1119 in
872 1085 947 1120 illis
962 1085 1090 1121 diebus
1107 1092 1187 1121 erat
1203 1089 1242 1121 in
1267 1090 1412 1123 civitate
1434 1091 1562 1133 yravis
1585 1089 1761 1123 mortali-

126 1146 183 1177 tas
199 1148 232 1177 et
247 1141 429 1176 crescebat
445 1139 588 1174 cotidie.

169 1199 300 1233 Audeo
324 1198 463 1238 dicere,
482 1198 520 1230 et
535 1206 603 1239 pro
622 1205 725 1237 vere,
744 1197 843 1239 quod
860 1197 898 1230 in
923 1198 1000 1230 toto
1031 1207 1141 1231 cursu
1167 1199 1242 1232 vite
1268 1208 1351 1233 mee
1376 1209 1449 1233 non
1474 1200 1565 1234 scivi
1595 1208 1663 1233 nec
1686 1200 1762 1232 vidi

126 1263 194 1288 nec
219 1253 345 1287 audivi
373 1254 516 1286 tantam
547 1251 863 1294 tranquillitatem
887 1253 926 1285 et
951 1253 1094 1286 tantem
1121 1254 1359 1288 devotionem
1383 1255 1513 1298 populi
1538 1256 1704 1289 universi
1722 1256 1761 1288 in

124 1310 232 1342 nocte
249 1310 286 1342 ct
299 1308 360 1342 die
372 1307 637 1350 processionis,
651 1307 750 1340 sicut
765 1307 838 1340 fuit
856 1307 927 1340 isto
947 1317 1058 1342 anno.
1080 1307 1128 1341 Et
1144 1309 1202 1342 est
1219 1309 1425 1350 sciendum,
1444 1311 1542 1352 quod
1560 1311 1711 1344 ducenti
1724 1312 1762 1343 et

126 1364 399 1407 quinquaginta
422 1362 593 1396 homines
610 1364 648 1396 et
659 1362 743 1404 plus
760 1371 799 1396 se
820 1362 1079 1396 adunaverunt
1096 1364 1134 1397 in
1154 1364 1337 1403 Tornan,
1364 1368 1494 1398 mutuo
1512 1375 1551 1399 se
1575 1366 1761 1399 sociantes

124 1419 162 1452 et
177 1418 443 1462 astringentes,
461 1417 553 1450 utin
571 1417 631 1450 die
645 1418 896 1459 processionis
913 1420 949 1451 et
964 1418 1002 1450 in
1027 1420 1110 1451 octo
1135 1419 1267 1452 diebus
1285 1421 1541 1461 sequentibus,
1557 1421 1602 1454 ad
1628 1419 1758 1453 simili-

124 1473 293 1507 tudinem
309 1473 470 1507 aliorum
494 1473 558 1514 qui
583 1474 818 1506 recesserant
835 1473 880 1506 de
899 1473 1082 1514 Tornaco,
1099 1475 1346 1516 penitentiam
1365 1478 1546 1516 facerent,
1566 1477 1604 1509 et
1630 1485 1759 1509 omnes

125 1529 189 1571 qui
213 1529 417 1569 intrabant,
441 1529 599 1562 fratrem
622 1528 845 1568 Robertum,
871 1528 1051 1562 lectorem
1075 1529 1206 1562 domus
1231 1531 1391 1563 fratrum
1416 1531 1515 1564 beati
1541 1531 1757 1573 Augustini,

126 1583 382 1624 consulebant,
401 1584 547 1625 fuitque
564 1584 698 1616 ductor
725 1592 857 1617 eorum
874 1584 984 1617 dictis
1003 1594 1135 1617 novem
1160 1585 1304 1618 diebus.
1324 1585 1520 1619 Ordinatio
1538 1587 1663 1619 autem
1689 1586 1761 1618 fuit

125 1638 226 1681 talis,
243 1639 342 1681 quod
358 1639 439 1672 sine
452 1647 577 1680 eruce,
592 1638 673 1671 sine
690 1637 839 1671 vexillis
857 1639 895 1671 et
912 1639 993 1672 sine
1007 1640 1127 1672 cereis
1142 1640 1341 1672 circuitum
1355 1640 1444 1673 ville
1459 1642 1642 1681 fecerunt,
1657 1641 1759 1673 omni

125 1693 186 1727 die
213 1693 407 1733 habentes,
442 1694 538 1727 sicut
565 1693 738 1735 superius
766 1694 823 1726 est
850 1702 1082 1735 expressum,
1109 1703 1224 1736 super
1249 1695 1373 1737 capita
1401 1704 1470 1727 sua
1497 1696 1693 1737 capucium
1721 1696 1759 1728 et

124 1748 286 1792 desuper
301 1749 487 1791 capellum
499 1749 652 1792 nigrum
664 1749 745 1782 sine
762 1758 885 1788 cruce,
901 1750 1072 1782 tenentes
1087 1750 1124 1781 in
1142 1750 1314 1783 manibus
1328 1751 1559 1792 scorpiones,
1574 1752 1664 1784 nudi
1678 1752 1757 1783 toto

123 1813 280 1847 corpore
298 1805 336 1837 et
358 1804 526 1846 pedibus,
555 1796 754 1837 ‘femoralia
779 1803 973 1843 habentes,
1005 1806 1042 1837 et
1073 1804 1235 1846 desuper
1258 1806 1400 1838 vestem
1432 1805 1570 1839 lineam
1596 1807 1757 1840 cinctam

122 1869 237 1902 supra
252 1859 485 1900 umbilicum,
504 1860 600 1893 sicut
617 1859 790 1902 superius
807 1860 853 1893 de
881 1859 966 1893 aliis
983 1860 1040 1892 est
1059 1869 1289 1901 expressum.
1318 1860 1361 1894 In
1378 1861 1439 1894 die
1458 1863 1583 1894 autem
1600 1871 1758 1903 proces-

121 1913 237 1946 sionis
269 1914 306 1946 in
339 1914 499 1948 ecelesia
531 1915 639 1947 beate
665 1914 784 1947 Marie
803 1916 1074 1954 convenerunt,
1102 1915 1255 1947 missam
1284 1916 1322 1948 in
1347 1915 1497 1958 capella
1513 1916 1550 1949 S.
1577 1916 1758 1950 Ludovici

123 1967 331 2009 audientes,
350 1970 388 2002 et
400 1978 468 2011 per
483 1970 600 2002 totam
617 1969 768 2002 missam
782 1970 935 2002 fuerunt
952 1968 1127 2002 ardentes
1144 1969 1217 2002 duo
1235 1970 1348 2003 cerei.
1369 1970 1525 2008 Quando
1545 1972 1670 2004 autem
1688 1972 1760 2004 fuit

122 2023 270 2066 tempus
286 2023 563 2066 processionem
580 2023 755 2064 exeundi,
774 2025 815 2056 ut
839 2024 1045 2057 circuirent
1068 2024 1272 2065 civitatem,
1298 2025 1370 2067 ipsi
1397 2034 1437 2058 se
1461 2028 1761 2068 preparaverunt

123 2077 352 2121 deponentes
376 2089 462 2112 suas
486 2082 607 2113 vestes
632 2080 670 2112 et
686 2078 856 2112 habitum
873 2078 1160 2121 penitentialem
1173 2081 1481 2122 assumpserunt3
1509 2081 1758 2123 exieruntque

123 2134 165 2166 ut
179 2134 295 2167 moris
319 2137 399 2168 est:
418 2135 541 2177 primo
566 2133 738 2177 religiosi
762 2134 1032 2175 mendicantes,
1063 2135 1199 2169 deinde
1228 2134 1392 2178 collegia
1425 2136 1693 2169 canonicorum
1721 2137 1759 2169 et

122 2189 405 2231 monachorum,
430 2190 468 2224 et
495 2191 579 2232 post
602 2189 807 2233 collegium
843 2190 994 2230 civium,
1021 2191 1085 2232 qui
1113 2192 1295 2224 vocantur
1335 2191 1540 2232 domicelli,
1565 2193 1758 2234 portantes

121 2244 304 2278 feretrum
340 2245 448 2278 beate
472 2244 591 2278 Marie
622 2245 733 2278 modo
766 2247 958 2279 consueto.
996 2245 1190 2287 Erantque
1215 2247 1324 2279 nudis
1357 2246 1515 2288 pedibus
1548 2248 1586 2280 et
1624 2248 1757 2281 devote

121 2307 161 2333 se
177 2301 365 2342 gerentes.
393 2300 485 2334 Post
511 2309 606 2342 quos
630 2300 732 2333 dicta
758 2301 917 2334 societas
946 2301 1213 2344 penitentium,
1246 2302 1341 2335 duce
1369 2302 1487 2335 fratre
1510 2302 1693 2341 Roberto‚
1719 2301 1757 2333 in

119 2353 249 2389 habitu
278 2365 392 2399 supra
420 2358 640 2396 memorate,
666 2357 744 2389 bini
777 2358 815 2390 et
839 2357 916 2390 bini
942 2357 1023 2391 sine
1047 2356 1177 2399 aliquo
1202 2359 1455 2392 instrumento
1488 2359 1756 2400 sequebantur,

120 2411 381 2454 scorpionibus
398 2421 438 2445 se
454 2412 710 2452 verberantes,
729 2413 842 2454 prout
857 2413 1128 2455 permittebant
1145 2413 1260 2447 duces
1279 2422 1409 2447 eorum
1429 2414 1475 2447 ad
1493 2413 1564 2447 hoc
1581 2413 1757 2454 ordinati,

120 2473 167 2498 ne
184 2466 410 2500 excederent
434 2467 584 2500 modum
609 2475 706 2509 pene
729 2468 793 2500 aut
821 2468 1044 2511 sanguinem
1084 2468 1286 2502 funderent
1314 2469 1527 2511 excessive3
1552 2469 1597 2502 de
1614 2469 1758 2501 duobus

119 2521 245 2555 autem
266 2522 400 2562 cereis,
433 2531 528 2555 unus
560 2523 741 2556 remansit
757 2523 892 2556 ardens
909 2525 996 2556 ante
1024 2524 1241 2566 ymaginem
1270 2524 1378 2557 beate
1405 2523 1588 2567 Virginis,
1606 2525 1644 2557 et
1660 2523 1757 2557 alius

119 2577 205 2610 ante
230 2577 446 2620 ymaginem
468 2577 514 2610 ad
540 2577 738 2610 introitum
761 2577 929 2618 claustri,
955 2578 1073 2612 donec
1108 2580 1186 2612 tota
1213 2579 1404 2620 processio
1441 2581 1498 2612 est
1527 2588 1689 2619 reversa,
1719 2580 1758 2612 et

116 2631 205 2664 tunc
228 2632 484 2673 unusquisque
502 2632 547 2665 ad
564 2632 718 2674 propria
734 2634 790 2666 est
807 2641 990 2666 reversus.

158 2685 354 2720 Ordinatio
372 2689 456 2719 octo
473 2687 621 2721 dierum
637 2688 876 2729 sequentium
892 2688 962 2721 fuit
981 2687 1079 2728 talis,
1102 2688 1200 2730 quod
1221 2688 1390 2730 qualibet
1414 2689 1475 2722 die
1492 2698 1601 2722 mane
1617 2698 1754 2723 conve-

114 2739 267 2774 niebant
279 2741 318 2773 in
335 2740 481 2782 capella
499 2741 534 2775 S.
548 2740 758 2782 Michaelis,
769 2742 921 2775 missam
935 2743 987 2775 ibi
1002 2743 1211 2781 audientes,
1224 2743 1370 2776 duobus
1383 2743 1504 2777 cereis
1522 2743 1754 2784 ardentibus,

113 2796 152 2828 et
168 2797 252 2837 post
265 2795 418 2830 missam
440 2797 478 2829 in
496 2796 698 2830 refectorio
719 2798 840 2830 vestes
864 2806 950 2831 suas
975 2798 1228 2840 deponebant,
1258 2797 1429 2831 habitum
1455 2798 1754 2840 penitentialem,

116 2851 158 2883 ut
173 2850 315 2884 dictum
343 2853 412 2891 est,
442 2854 689 2892 assumentes,
718 2853 756 2885 et
772 2861 840 2894 per
863 2853 1004 2896 gradus
1021 2853 1283 2886 descendendo
1302 2853 1407 2886 ibant
1425 2855 1511 2887 ante
1539 2855 1754 2897 ymaginem

115 2906 224 2938 beate
251 2906 432 2950 Virginis,
457 2909 495 2940 et
512 2907 563 2939 ibi
594 2907 699 2940 flexis
715 2908 886 2950 genubus
904 2908 1078 2942 dicebant
1096 2908 1212 2941 Pater
1234 2908 1372 2942 Noster
1387 2910 1426 2942 et
1449 2910 1527 2942 Ave
1546 2909 1678 2943 Maria.
1706 2909 1754 2942 Et

121 2961 174 2993 sic
198 2961 275 2993 bini
299 2962 337 2994 et
363 2962 439 2994 bini
464 2962 680 2996 incedentes
707 2963 897 2997 civitatem
922 2963 1146 3006 circuibant,
1172 2963 1418 3004 verberando,
1447 2966 1488 2997 ut
1515 2966 1571 2997 est
1596 2965 1750 3005 dictum,
