2050 3470
313 260 380 294 250
1001 253 1139 289 ANNO
1164 252 1248 286 1423

316 374 360 415 te
392 369 628 413 wenschen
666 379 771 410 over
812 365 961 409 hunne
1003 364 1394 422 krachtdadigheid
1436 367 1480 411 in
1524 368 1600 412 het
1642 366 1820 411 straffen
1858 379 1943 412 van

317 452 450 483 eenen
485 435 783 494 gevaarlijken
814 434 961 478 ketter
997 434 1140 492 (Gillis
1176 434 1388 479 Mersault
1408 434 1443 494 ?)
1481 451 1534 480 en
1567 450 1635 480 om
1665 435 1752 479 hen
1784 449 1867 480 aan
1898 439 1944 480 te

317 521 474 565 sporen
497 506 587 549 niet
613 504 753 548 alleen
775 504 819 546 in
842 503 918 547 het
941 505 1123 560 vervolg
1144 503 1227 546 alle
1251 504 1412 548 andere
1434 504 1605 549 ketters
1626 505 1688 549 uit
1709 508 1754 548 te
1775 504 1940 557 roeien,

317 590 437 621 maar
458 574 541 618 ook
563 573 809 617 zichzelven
834 586 887 615 en
910 571 961 615 de
985 573 1175 628 gansche
1208 573 1541 631 geestelijkheid
1573 587 1660 618 van
1682 573 1758 617 het
1778 572 1944 617 bisdom

315 650 380 690 tot
403 658 481 688 een
513 642 745 687 voorbeeld
777 654 861 684 van
897 640 1230 698 onberispelijke
1261 641 1393 684 zeden
1425 646 1470 686 te
1502 642 1674 695 maken,
1707 642 1773 685 als
1804 641 1944 700 ziJnde

314 715 378 759 dit
400 715 476 757 het
496 713 616 756 beste
639 711 794 754 middel
826 724 895 753 om
918 710 969 754 de
992 711 1169 768 ketterij
1195 714 1261 754 tot
1279 711 1485 755 onmacht
1507 715 1552 756 te
1581 712 1776 756 doemen.

358 808 554 845 Martinus,
570 807 641 839 etc.
660 804 816 838 Dilectis
833 803 921 836 filiis
946 804 1086 837 decano
1112 805 1151 837 et
1173 803 1337 846 capitulo
1361 803 1545 838 ecclesiae
1570 803 1833 845 Tornacensis‚
1847 803 1944 838 salu-

316 866 405 902 tem,
424 864 496 896 etc.

357 916 619 952 Intelleximus
636 924 682 948 ex
698 914 835 947 litteris
852 915 998 947 vestrae
1027 913 1239 947 dilectionis
1265 914 1508 957 diligentiam
1531 915 1695 948 vestram
1711 915 1750 947 et
1765 914 1944 947 sollicitu-

316 975 455 1013 dinem,
471 980 582 1013 quam
613 969 836 1004 adhibuistis
852 978 927 1002 una
951 977 1035 1002 cum
1058 968 1265 1002 venerabili
1293 970 1411 1002 fratre
1435 970 1594 1009 Joanne,
1621 969 1796 1011 episcopo
1819 969 1944 1002 vestro

316 1027 559 1066 Torum-ensi,
575 1026 620 1059 ad
648 1024 971 1057 conservationem
995 1024 1124 1066 populi
1154 1024 1193 1056 in
1219 1024 1437 1058 sinceritate
1462 1024 1563 1066 fidei,
1581 1025 1620 1057 et
1650 1024 1696 1057 ad
1712 1023 1946 1066 punitionem

314 1083 417 1117 illius
443 1081 639 1119 haeretici,
659 1080 722 1121 qui
739 1080 815 1112 tam
832 1079 1020 1112 nefarium
1037 1079 1175 1121 dogma
1191 1078 1411 1122 divulgabat
1426 1090 1435 1120 ;
1465 1080 1510 1112 de
1535 1088 1607 1120 quo
1632 1088 1699 1112 nos
1715 1088 1783 1120 pro
1800 1078 1946 1112 meritis

315 1139 504 1172 actionum
519 1137 729 1168 vestrarum
746 1135 859 1177 digne
884 1134 1093 1173 laudamus,
1112 1143 1155 1166 ac
1172 1143 1301 1167 curam
1327 1135 1492 1167 vestram
1510 1134 1612 1167 circa
1635 1143 1767 1167 eorum
1782 1133 1946 1176 extirpa-

313 1191 454 1223 tionem
479 1189 517 1221 in
543 1188 702 1221 Domino
727 1187 1044 1226 commendantes,
1070 1195 1248 1228 rogamus
1273 1187 1512 1220 devotionem
1527 1187 1704 1226 vestram,
1721 1187 1764 1219 ut
1786 1185 1946 1228 diligen-

313 1247 372 1278 ter
385 1244 624 1286 perquiratis,
642 1243 673 1275 si
691 1242 755 1283 qui
772 1251 818 1275 ex
831 1243 908 1274 tam
932 1241 1139 1282 pernitioso
1163 1250 1308 1274 veneno
1334 1241 1465 1274 infecti
1489 1241 1759 1274 remansissent
1777 1251 1786 1282 ;
1810 1240 1887 1282 qui,
1914 1240 1947 1274 si

313 1299 566 1341 reperiantur,
586 1299 672 1331 date
689 1306 843 1338 operam
860 1305 944 1328 eum
962 1296 1064 1328 omni
1081 1295 1252 1333 caritate.
1271 1297 1312 1328 ut
1325 1297 1555 1329 reducantur
1571 1296 1618 1329 ad
1637 1296 1773 1329 bonam
1795 1296 1946 1338 frugem

314 1356 351 1387 et
364 1363 469 1386 suam
487 1354 675 1395 abnegent
687 1352 934 1394 impietatem,
953 1360 1037 1383 cum
1054 1350 1148 1383 nihil
1174 1351 1223 1383 sit
1249 1350 1472 1393 diligentius
1489 1351 1760 1384 attendendum
1776 1359 1888 1391 quam
1905 1350 1947 1383 ut

316 1409 506 1442 salventur
523 1408 670 1441 animae
686 1409 724 1440 et
740 1407 957 1448 peccatores
975 1406 1204 1439 reducantur
1220 1406 1267 1438 ad
1282 1407 1381 1438 viam
1398 1406 1557 1439 rectam.
1581 1406 1620 1439 Si
1643 1414 1731 1438 vero
1758 1405 1798 1438 in
1815 1413 1946 1438 errore

314 1464 408 1507 (suo)
422 1463 608 1496 obstinate
626 1470 870 1504 perseverare
885 1460 1102 1501 maluerint,
1118 1461 1352 1503 castigentur
1365 1461 1692 1494 animadversione
1708 1460 1848 1494 debita.

359 1520 430 1552 Sed
449 1520 575 1552 tamen
593 1517 921 1550 considerantibus
939 1516 1061 1555 nobis,
1088 1525 1186 1557 quae
1202 1516 1368 1549 maxime
1386 1516 1435 1548 sit
1452 1516 1553 1549 circa
1575 1515 1647 1548 hoc
1668 1515 1774 1548 utilis
1790 1514 1950 1557 pruden-

311 1576 377 1616 tia,
396 1573 500 1607 nulla
523 1572 671 1612 melior,
691 1571 796 1605 nulla
813 1571 1003 1605 salubrior
1019 1572 1169 1604 videtur
1187 1580 1270 1604 esse
1287 1580 1399 1613 quam
1424 1572 1466 1604 ut
1478 1571 1551 1612 ipsi
1567 1571 1731 1613 primum
1747 1570 1948 1613 corrigatis

311 1630 422 1670 atque
440 1628 646 1661 emendetis
663 1627 808 1659 vosmet
822 1627 924 1668 ipsos
944 1627 981 1659 et
998 1635 1122 1659 mores
1148 1626 1305 1665 vestras,
1335 1626 1458 1667 quoad
1484 1625 1568 1658 fieri
1591 1625 1717 1666 potest
1739 1624 1946 1657 immutatis

310 1685 347 1716 in
362 1682 510 1722 melius,
523 1683 659 1715 deinde
676 1681 932 1715 exhortemini
945 1681 1163 1714 universum
1181 1681 1338 1720 clerum,
1353 1682 1395 1712 ut
1410 1680 1483 1722 ipsi
1501 1689 1649 1721 quoque
1663 1678 1730 1723 [se]
1749 1675 1946 1721 corrigant

311 1739 349 1772 et
365 1738 578 1772 abstineant
592 1746 614 1770 a
629 1737 808 1778 peccatis.
828 1736 1062 1769 Clerieorum
1080 1736 1180 1769 enim
1198 1734 1337 1768 delicta
1352 1735 1517 1777 plurima
1540 1735 1701 1777 prebent
1727 1733 1943 1776 hujusmodi

311 1794 526 1826 hominibus
551 1801 701 1825 causam
727 1791 949 1825 detrahendi
987 1791 1092 1823 vobis
1116 1800 1159 1824 ac
1197 1790 1415 1823 diffamandi
1447 1789 1721 1823 ecclesiasticas
1748 1797 1942 1831 personas,

311 1850 341 1881 si
367 1849 461 1881 bene
486 1849 524 1881 et
557 1848 657 1889 juste
681 1847 825 1887 vivetis,
853 1846 1088 1879 obtrectandi
1120 1845 1303 1879 ecclesiae
1334 1845 1532 1878 materiam
1563 1854 1638 1877 non
1669 1844 1872 1884 habebunt,
1905 1844 1945 1877 et

310 1904 416 1936 vobis
433 1905 545 1936 erunt
567 1902 709 1944 singuli
733 1902 1023 1934 obedientiores.
1042 1901 1214 1934 Vestram
1238 1900 1357 1943 igitur
1380 1900 1618 1933 devotionem
1641 1899 1881 1933 obsecramus
1904 1899 1944 1932 in

309 1959 483 1998 Domino,
510 1960 551 1991 ut
585 1958 639 1990 ita
663 1957 796 1990 vivatis
822 1956 1051 1998 corrigendo
1069 1957 1107 1989 et
1133 1956 1322 1997 puniendo
1355 1955 1547 1996 improbos
1563 1955 1603 1986 in
1620 1953 1768 1987 delictis
1791 1954 1882 1994 suis,
1907 1954 1946 1987 et

308 2014 432 2047 vestra
459 2013 557 2045 bona
575 2021 693 2054 opera
710 2012 958 2053 ostendendo,
987 2012 1029 2043 ut
1055 2011 1198 2044 caeteri
1220 2009 1436 2052 exemplum
1460 2010 1690 2042 summentes
1720 2018 1743 2042 a
1764 2008 1870 2041 vobis
1897 2009 1945 2042 ad

310 2069 557 2101 mutationem
581 2068 747 2100 vestram
787 2066 1033 2108 impellantur
1071 2067 1118 2099 ad
1146 2074 1296 2098 omnem
1335 2065 1636 2098 observationem
1669 2063 1833 2097 virtutis.
1862 2062 1943 2102 Quo

311 2124 474 2156 maxime
499 2123 610 2155 modo
627 2132 692 2155 vos
709 2122 869 2154 tutiores
898 2122 943 2154 ab
961 2121 1045 2153 istis
1062 2121 1248 2154 scandalis
1266 2120 1373 2153 eritis
1396 2120 1435 2152 in
1463 2120 1633 2152 futurum
1651 2120 1689 2152 et
1701 2118 1882 2161 populum
1903 2118 1943 2152 in

312 2179 510 2211 devotione
537 2178 719 2210 eeclesiae
748 2178 786 2210 et
817 2177 857 2209 in
882 2176 1009 2210 debita
1035 2176 1251 2209 reverentia
1278 2184 1371 2218 erga
1398 2174 1542 2208 elerum
1570 2173 1852 2207 conservabitis.

357 2233 510 2273 Datum,
528 2232 688 2274 Romae,
706 2233 777 2265 etc..
1688 2239 1692 2243 ·

660 2308 817 2342 Archief
837 2317 908 2341 van
924 2307 990 2341 het
1005 2307 1191 2340 Vatikaan
1210 2306 1337 2349 (Aroh.
1355 2315 1450 2340 secr.
1475 2306 1585 2349 Vat.),
1602 2305 1700 2348 Reg.
1725 2304 1802 2345 359,
1819 2304 1886 2338 fol.
1902 2305 1943 2339 17

703 2372 751 2397 en
768 2364 832 2397 192
847 2374 855 2405 3
880 2365 987 2396 Arm.
1004 2363 1182 2402 XXXIX,
1201 2364 1227 2394 t.
1253 2362 1297 2404 V,
1315 2371 1411 2407 pars&
1426 2363 1478 2401 2³,
1492 2360 1557 2394 fol.
1575 2360 1700 2401 29-303
1726 2360 1875 2394 ontleed
1888 2360 1940 2403 bij

706 2418 884 2458 Cauchie‚
901 2417 1068 2458 Mission,
1088 2417 1158 2450 blz.
1177 2416 1242 2449 319
1260 2428 1269 2459 ;
1298 2416 1503 2460 afgedrukt
1530 2416 1578 2458 bij
1610 2415 1657 2449 H.
1682 2416 1763 2449 Van
1786 2415 1940 2455 Houtte,

705 2473 849 2507 Lettres
872 2471 917 2506 de
943 2472 1086 2507 Mar-tin
1124 2472 1165 2513 V,
1196 2472 1236 2505 in
1268 2472 1314 2506 de
1341 2469 1548 2512 Analectes,
1565 2470 1619 2505 2⁴¹⁰
1640 2470 1765 2511 reeks,
1782 2470 1866 2505 deel
1891 2471 1939 2512 X,

705 2528 776 2562 blz.
796 2528 837 2561 16
860 2537 907 2562 en
932 2528 985 2561 17.

968 2676 1068 2721 146
1100 2669 1274 2734 (266⁵).

374 2808 494 2859 1423,
521 2817 584 2848 na
605 2801 703 2847 Juli
721 2808 790 2855 22,
816 2803 971 2847 Rome.
998 2805 1138 2846 Breve
1156 2816 1242 2846 van
1261 2802 1478 2846 Martinus
1502 2802 1558 2853 V,
1578 2799 1750 2857 gericht
1770 2800 1836 2844 tot
1853 2799 1935 2843 den

314 2875 570 2930 magistraat
592 2886 677 2916 van
715 2872 923 2925 Doornik,
961 2886 1029 2915 om
1061 2872 1159 2915 hem
1182 2871 1314 2929 geluk
1346 2874 1390 2915 te
1422 2869 1660 2914 wenschen
1689 2882 1794 2913 over
1823 2868 1937 2926 zijne

313 2939 705 2998 krachtdadigheid
728 2940 771 2984 in
790 2942 867 2986 het
883 2940 1062 2985 straffen
1071 2954 1157 2985 van
1169 2954 1305 2985 eenen
1323 2938 1624 2999 gevaarlijken
1634 2938 1777 2983 ketter
1795 2936 1934 2997 (Gillis
