2050 3470
407 375 515 409 28885
522 398 530 407 .

408 651 516 685 28890
523 675 532 683 .

409 929 518 963 28895
526 954 533 961 .

410 1207 518 1241 28900
526 1231 533 1238 .

411 1484 519 1518 28905
527 1508 535 1516 .

413 1761 521 1794 28910
529 1784 536 1792 .

414 2037 538 2070 28915.

416 2311 525 2345 28920
533 2334 540 2343 .

419 2589 527 2624 28925
535 2612 543 2621 .

421 2866 530 2901 28930
538 2890 546 2899 .

791 260 928 294 ANNO
954 257 1143 290 1235-1236

584 374 858 414 Larcevesques
882 372 920 404 et
943 370 970 402 11
995 367 1158 411 clergies

583 430 654 462 Les
679 429 744 461 ont
767 428 900 469 enquis
926 428 963 459 et
991 424 1211 467 empescies.

582 485 614 518 A
638 484 840 522 Pieronne,
866 482 1005 514 dedens
1031 479 1068 513 la
1092 478 1179 518 vile,

584 541 615 574 U
641 548 773 573 menee
798 540 906 571 orent
930 539 1031 570 ceste
1055 534 1160 577 gille,

585 596 665 629 Fist
689 595 817 628 ardoir
840 593 980 626 Pieron
1006 590 1206 628 Malkasin‚

583 651 744 684 Robiert
769 652 807 681 et
831 647 960 680 Mahiu
987 647 1032 679 de
1058 636 1214 682 Lauffin,

584 705 632 738 Et*
656 714 769 738 avoco
793 712 854 736 ces
879 703 973 735 trois
997 702 1028 734 si
1054 702 1131 734 arst
1156 709 1202 731 on

585 762 656 794 Les
680 762 799 794 semes
823 759 952 792 Mahiu
978 762 1015 791 et
1041 757 1194 790 Pieron.

583 817 631 850 Et
655 816 882 856 lendemain‚
909 815 993 847 aine
1018 812 1096 855 quil
1123 821 1188 844 son
1214 812 1302 849 tort,

584 872 724 912 Quatre
749 872 926 914 signours
950 879 972 903 a
997 868 1259 902 Heldincourt.

586 930 634 962 Et
659 928 863 965 Banduins,
891 928 960 958 lius
988 923 1192 961 Markasin‚

584 985 615 1019 A
639 983 887 1017 Valencienes
912 991 961 1014 un
987 980 1104 1013 matin

587 1038 659 1072 Sen
684 1039 752 1077 fui,
778 1037 872 1070 mais
897 1036 934 1068 la
957 1036 995 1068 fu
1022 1034 1048 1067 il
1074 1034 1152 1075 pris

586 1095 633 1128 Et
657 1095 688 1126 si
713 1095 752 1126 fu
778 1102 799 1126 a
823 1091 999 1126 cambrai
1023 1089 1151 1123 remis.

585 1151 677 1184 Puis
702 1149 738 1182 le
762 1148 900 1181 manda
924 1147 951 1179 11
977 1146 1067 1184 rois,
1094 1145 1125 1176 si
1151 1143 1205 1175 lot

586 1206 633 1239 Et
657 1206 687 1238 si
713 1214 760 1238 en
784 1205 844 1237 fist
869 1213 938 1235 cou
965 1202 1028 1243 qui
1054 1200 1107 1233 lui
1132 1199 1224 1242 plot.

586 1262 640 1295 La
664 1260 742 1294 fille
768 1259 897 1293 Mahiu
923 1259 968 1290 de
996 1256 1140 1290 Lauvin

585 1317 639 1350 Fu
664 1316 766 1358 prise
792 1323 906 1348 avoec
931 1322 1027 1355 pour
1053 1311 1103 1344 tel
1128 1310 1276 1343 couvin.

586 1372 768 1405 Eneainte
795 1369 919 1408 estoit,
946 1377 992 1400 ne
1018 1369 1056 1399 su
1082 1375 1147 1408 pas
1173 1373 1269 1404 arse,

587 1427 708 1460 Maius
734 1427 817 1459 aine
843 1434 916 1466 que
940 1424 1017 1456 fust
1040 1422 1079 1455 la
1102 1429 1189 1454 cose
1213 1427 1378 1461 esparse,

587 1482 626 1517 Si
652 1482 687 1516 le
712 1481 859 1523 respria
882 1479 920 1513 la
944 1479 1066 1518 rome,

587 1537 705 1577 Quele
729 1537 843 1570 estoit
868 1534 966 1568 biele
991 1534 1100 1567 dame
1125 1532 1163 1565 et
1187 1531 1261 1563 fine

587 1594 636 1628 Et
659 1595 758 1626 seme
783 1592 897 1625 estoit
920 1591 966 1623 de
990 1588 1167 1628 eevalier,

588 1650 639 1682 Ki
665 1650 725 1681 fist
751 1656 853 1681 asses
877 1655 974 1688 pour
998 1645 1025 1677 11
1049 1644 1203 1686 proiier,

589 1704 706 1743 Quele
731 1705 770 1735 ot
793 1712 841 1736 en
866 1702 1026 1734 convent
1051 1700 1259 1732 loiaument

588 1760 694 1798 Quen
720 1758 815 1791 Dieu
839 1756 987 1790 kerroit
1010 1754 1249 1788 entirement.

590 1816 645 1848 De
670 1814 862 1847 Pieronne
886 1822 908 1845 a
933 1810 1108 1844 Cambrai
1133 1818 1199 1842 sen
1223 1808 1305 1840 vint

589 1868 645 1902 Cil
668 1868 844 1907 Robiers,
871 1877 892 1899 0
916 1866 971 1899 lui
997 1865 1169 1907 siergans
1192 1863 1292 1903 vint;

590 1924 692 1963 Quar
716 1923 742 1955 11
767 1923 844 1955 rois
867 1921 904 1955 le
927 1920 1055 1954 faisoit
1079 1918 1274 1957 conduire,

590 1980 693 2012 Pour
715 1988 786 2011 cou
811 1987 880 2010 con
906 1986 953 2010 ne
978 1976 1006 2008 11
1032 1975 1150 2007 vosist
1175 1973 1298 2007 nuire.

591 2035 635 2068 Li
659 2043 817 2075 vesques
843 2031 1041 2067 Godefrois
1067 2029 1149 2063 ausi

590 2090 607 2123 I
633 2091 672 2122 ot
694 2090 880 2131 siergans,
905 2087 956 2129 jel
983 2086 1037 2119 sai
1063 2085 1109 2118 de
1134 2085 1170 2116 fi.

592 2146 675 2179 Une
698 2146 798 2177 seme
823 2143 924 2176 avoit
948 2151 994 2175 en
1020 2140 1057 2174 la
1080 2139 1168 2178 vile,

592 2200 663 2239 Qui
688 2200 814 2233 dcciut
838 2200 878 2230 ot
901 2199 983 2230 tout
1007 2205 1076 2238 par
1099 2204 1141 2228 sa
1165 2193 1257 2237 gille

593 2255 645 2288 Le
670 2254 769 2296 pais;
795 2261 890 2294 quar
914 2261 961 2284 on
987 2249 1134 2292 quidoit
1159 2249 1247 2281 bien

593 2310 673 2348 Que
698 2308 819 2341 loiaus
844 2308 920 2339 fust
944 2315 1031 2338 sous
1055 2305 1160 2337 toute
1185 2303 1282 2336 rien.

595 2366 649 2400 La
673 2366 850 2398 Contesse
875 2363 952 2396 fille
978 2361 1132 2395 clamoit

594 2421 638 2455 El
664 2420 723 2454 del
749 2420 844 2459 sien,
869 2420 986 2460 quant
1009 2416 1068 2451 ele
1091 2415 1221 2455 voloit,

593 2477 776 2511 Recevoit
800 2484 896 2518 pour
920 2481 1102 2507 aumosne
1125 2473 1244 2513 faireg

595 2534 671 2567 Con
697 2532 843 2574 quidoit
867 2530 977 2572 quele
1002 2530 1134 2563 vestist
1157 2528 1278 2562 haire.

595 2588 678 2621 Non
701 2586 841 2625 saisost,
869 2585 950 2618 ains
975 2586 1033 2617 ert
1056 2584 1112 2615 vis
1136 2581 1293 2622 diaffles,

596 2643 667 2682 Qui
693 2642 729 2675 la
752 2643 842 2685 gent
866 2640 1039 2673 decevoit
1062 2648 1133 2681 par
1156 2637 1289 2672 fames,

597 2699 762 2732 Concute
786 2698 825 2730 fu
849 2696 984 2738 jusqen
1009 2695 1204 2728 Aucuerre

597 2754 643 2787 Et
668 2753 795 2786 faisoit
820 2752 915 2785 Dieu
941 2750 1056 2784 barbe
1083 2750 1130 2783 de
1154 2750 1294 2783 fuerre.

599 2808 654 2842 Cil
686 2807 732 2841 de
756 2806 955 2840 Vaueieles
979 2807 1017 2838 et
1041 2805 1087 2838 de
1113 2805 1186 2838 Los

598 2865 641 2898 Li
667 2864 858 2907 portoient
881 2863 1034 2905 partout
1058 2862 1130 2894 bon
1155 2861 1211 2894 los

596 2920 646 2954 Et
669 2919 695 2952 li
721 2927 882 2960 evesque
906 2920 945 2952 et
969 2917 995 2950 li
1021 2916 1196 2960 clergies.

599 2975 807 3011 Duretnent
830 2974 904 3008 iert
925 2973 1049 3016 joians
1074 2975 1112 3006 et
1136 2971 1218 3012 1165,

1742 249 1786 281 43
