2050 3470
282 273 349 308 106
921 269 1059 304 ANNO
1084 269 1267 304 1349-1350

282 382 490 425 profectum
509 380 718 413 animarum
735 387 806 422 ego
835 379 1025 412 committo
1047 378 1171 413 divine
1185 379 1368 422 sapientie
1384 380 1422 414 et
1442 380 1643 422 maJestati‚
1668 381 1756 423 quia
1779 382 1901 417 tantas

280 437 474 475 novitates,
494 437 531 467 et
548 433 626 473 illa,
646 442 717 475 quc
731 434 768 466 in
782 432 848 467 illo
866 435 1034 475 tempore
1048 434 1282 473 eveniebant,
1302 434 1485 467 nescirem
1509 435 1675 469 scribere
1699 437 1764 470 aut
1778 438 1899 479 poste-

280 491 330 524 ris
351 490 588 523 demandare.

319 544 481 578 Nomina
496 542 661 576 aliarum
673 541 849 575 villarum
871 546 903 575 et
921 552 1122 575 numerum,
1137 551 1384 585 persmzarzcm
1401 548 1435 576 et
1459 542 1535 577 dies
1547 543 1696 588 quando
1712 550 1897 580 venerunt

276 598 377 632 ultra
389 599 559 641 superius
577 601 814 637 memoratas,
828 597 921 630 sicut
933 596 1044 629 michi
1060 601 1111 630 est
1127 595 1300 630 relatum.

322 653 549 686 Duodecima
576 652 636 685 die
663 652 904 693 Septembris,
933 653 1117 685 venerunt
1144 652 1190 685 de
1218 651 1439 695 Tylemonte
1465 653 1503 686 in
1530 653 1735 687 Brabantia
1761 654 1902 688 sexties

278 709 423 751 viginti.

320 763 460 796 Eodem
477 763 550 801 die,
569 770 590 794 a
602 760 692 794 villa
704 761 749 794 de
767 760 874 794 Slusa
888 761 1040 794 LXXX.

317 818 458 851 Eodem
475 817 550 856 die,
568 825 590 849 a
602 815 692 848 villa
708 816 754 848 de
772 815 952 858 Louveng
969 815 1076 848 CLX.

320 873 362 906 In
381 875 488 905 nocte
506 870 711 904 nativitatis
732 870 839 903 beate
858 870 989 910 Marie‚
1008 879 1030 903 a
1046 869 1136 902 villa
1148 870 1220 903 dou
1236 871 1341 910 Dam,
1360 871 1512 905 circiter
1529 871 1570 904 L.

316 927 359 960 In
377 927 437 960 die
455 925 658 959 nativitatis
678 925 786 970 beate
805 925 936 964 Marie‚
953 934 975 958 a
987 924 1078 958 villa
1093 925 1139 958 de
1155 924 1342 967 Enghien,
1357 926 1508 959 circiter
1524 926 1592 961 CC.

319 982 362 1015 In
379 980 542 1014 crastino
560 979 779 1018 nativitatis,
792 987 814 1012 3
829 978 919 1012 villa
935 979 969 1012 N
972 979 1195 1019 amurccnsi,
1213 980 1364 1013 circiter
1381 980 1488 1015 CLX.

317 1036 455 1069 Eodem
467 1035 540 1074 die,
555 1043 577 1067 3
592 1033 682 1067 villa
697 1034 743 1066 de
761 1033 911 1076 Brugis,
926 1034 1079 1067 circiter
1096 1034 1122 1067 C
1133 1036 1170 1067 ct
1188 1034 1228 1067 L.

317 1090 361 1123 In
378 1091 485 1123 nocte
501 1089 748 1131 processionis
766 1089 1027 1130 Tornacensis,
1043 1098 1065 1122 a
1080 1088 1172 1122 villa
1184 1089 1230 1122 dc
1241 1089 1440 1132 Nuefport,
1458 1089 1611 1124 circiter
1635 1090 1787 1126 LXXX.

319 1145 461 1179 Eodem
477 1144 550 1184 die,
565 1153 587 1177 a
601 1143 691 1177 villa
703 1143 748 1177 de
763 1143 888 1182 Ecclo,
908 1144 1060 1177 circiter
1078 1143 1159 1178 LII.

318 1200 455 1233 Eodem
472 1199 546 1239 die,
564 1207 586 1232 a
597 1197 688 1231 villa
705 1198 751 1231 de
766 1198 915 1240 Brugis,
933 1198 972 1231 in
989 1198 1133 1232 duabus
1149 1198 1391 1231 societatibus
1407 1198 1559 1233 circiter
1570 1199 1657 1232 CCC.

319 1255 460 1288 Eodem
473 1254 546 1294 die,
565 1263 587 1288 a
610 1253 700 1287 villa
724 1254 796 1286 dou
814 1253 921 1293 Dam,
936 1253 1087 1287 circiter
1103 1255 1265 1287 centum.

319 1310 363 1343 In
380 1310 440 1342 dic
456 1309 717 1351 processionis,
735 1317 757 1341 a
770 1310 896 1342 monte
909 1307 1152 1348 Chasletensi,
1170 1309 1322 1342 circiter
1339 1309 1379 1342 L.

319 1365 358 1397 In
375 1364 538 1397 crastino
565 1363 652 1397 festi
669 1363 930 1405 processionis,
956 1372 978 1396 a
990 1363 1081 1396 villa
1097 1364 1143 1396 de
1157 1363 1277 1403 slusa,
1295 1363 1448 1397 circiter
1459 1364 1508 1396 CC
1525 1365 1562 1398 et
1578 1364 1618 1398 L.

320 1418 461 1451 Eodem
477 1418 550 1458 die,
569 1427 591 1451 a
606 1417 697 1451 villa
712 1418 758 1451 de
776 1418 913 1458 Donsa,
930 1418 1083 1451 circiter
1100 1419 1263 1451 centum.

320 1472 461 1506 Eodem
473 1472 548 1514 die,
565 1481 587 1505 a
601 1471 692 1505 villa
707 1472 752 1505 de
767 1472 965 1512 Dixmude,
981 1472 1134 1505 circiter
1145 1471 1354 1514 sexaginta.

321 1528 364 1561 In
383 1529 492 1585 nocte
510 1527 629 1561 sancti
643 1526 799 1566 Mathei,
817 1536 839 1560 a
854 1526 945 1560 villa
958 1527 1145 1560 Montensi
1163 1527 1201 1559 in
1219 1527 1430 1567 Hannonia‚
1445 1527 1597 1561 circiter
1615 1527 1666 1558 CC
1679 1529 1717 1560 et
1732 1527 1811 1561 XL.

323 1583 464 1616 Eodem
481 1583 553 1622 die,
571 1591 593 1616 a
607 1580 698 1614 villa
713 1581 759 1615 de
771 1581 999 1622 Aldenardo,
1018 1582 1170 1616 circiter
1182 1580 1268 1614 CCC.

322 1637 463 1670 Eodem
479 1637 552 1677 die,
571 1637 692 1670 avilla
707 1638 752 1670 de
768 1637 974 1679 Genappes,
989 1637 1141 1670 circiter
1153 1637 1287 1671 secties
1303 1637 1449 1679 viginti.

321 1691 462 1724 Eodem
478 1692 552 1731 die,
570 1700 593 1725 a
608 1691 698 1725 villa
713 1692 759 1725 de
772 1692 922 1731 Insulis,
942 1692 1095 1725 circiter
1111 1692 1275 1725 ducenti.

322 1746 365 1779 In
382 1746 443 1779 die
457 1746 556 1780 beati
581 1745 736 1786 Mathei,
764 1747 948 1780 venerunt
972 1747 1131 1788 quedam
1155 1746 1334 1780 mulieres
1355 1747 1401 1779 de
1423 1746 1612 1787 Flandria,
1640 1747 1737 1780 sicut
1758 1747 1831 1781 viri
1854 1748 1906 1781 fa-

278 1801 431 1840 cientes,
450 1801 685 1843 discooperto
701 1800 823 1834 solum
839 1802 964 1842 dorso,
982 1801 1135 1835 circiter
1155 1801 1238 1834 XX.

322 1856 517 1888 Dominica
531 1857 615 1898 post
631 1857 768 1889 festum
785 1855 940 1897 Mathai,
960 1865 982 1889 a
994 1855 1085 1889 villa
1101 1856 1146 1889 de
1166 1855 1370 1896 Malbodio,
1388 1856 1540 1890 circiter
1556 1855 1619 1891 CC.

321 1910 463 1944 Eodem
479 1910 552 1951 die,
571 1920 593 1944 a
610 1910 700 1944 villa
716 1911 762 1944 de
777 1910 939 1944 Bailluel
952 1911 990 1944 in
1005 1910 1196 1950 Flandria,
1210 1910 1362 1944 circiter
1377 1910 1465 1944 CCC.

323 1966 452 1999 Tertia
479 1966 540 1998 die
566 1965 751 2005 Octobris,
771 1961 926 2000 scilicet
949 1967 988 1999 in
1017 1968 1125 1999 nocte
1142 1966 1242 1999 beati
1268 1966 1472 2006 Francisci‚
1493 1967 1678 2000 venerunt
1703 1974 1725 1998 a
1754 1965 1845 1999 villa
1860 1966 1906 1999 de

278 2021 527 2054 valenchenis
545 2021 696 2054 circiter
711 2020 853 2053 CCCCL.

321 2077 459 2109 Notum
475 2077 524 2109 sit
551 2076 736 2115 omnibus,
755 2076 852 2117 quod
880 2084 952 2118 ego
969 2075 1141 2109 intellexi
1155 2084 1178 2109 a
1200 2075 1422 2117 quibusdam
1435 2076 1692 2118 superioribus
1709 2074 1841 2108 electis
1857 2074 1904 2108 ad

278 2131 522 2173 penitentiam
538 2130 776 2171 facientibus,
794 2130 891 2172 quod
909 2131 1093 2164 intrantes
1117 2130 1156 2164 et
1172 2140 1256 2164 cum
1273 2130 1357 2163 aliis
1371 2139 1411 2164 se
1424 2130 1625 2172 jungentes
1638 2129 1907 2173 promittebant

278 2185 345 2219 illa
361 2195 433 2228 que
447 2186 655 2227 sequuntur
672 2194 712 2218 se
724 2185 850 2218 facere
867 2186 904 2218 et
917 2186 1048 2219 tenere
1060 2194 1128 2228 pro
1141 2194 1252 2228 posse
1268 2194 1348 2225 suo,
1372 2186 1451 2218 toto
1469 2193 1581 2218 cursu
1598 2185 1674 2218 vite
1690 2193 1781 2225 511ος
1807 2183 1901 2217 alias

277 2250 350 2273 non
367 2240 660 2283 recipiebantur,
675 2241 739 2273 sed
756 2240 982 2273 intrantibus
1009 2239 1062 2284 [et
1077 2238 1398 2284 promittentibus]
1417 2239 1651 2282 legebantur.
1673 2238 1802 2273 Primo
1819 2247 1902 2280 pro-

278 2295 477 2328 mittebant
486 2295 670 2328 intrantes
690 2295 729 2328 et
743 2295 940 2328 dicebant:
968 2308 984 2322 u
998 2294 1076 2328 Nos
1091 2295 1302 2337 obligamus
1316 2294 1562 2336 nosmetipsos
1579 2294 1626 2327 ad
1642 2292 1906 2327 dimittendum

278 2350 400 2382 totum
416 2350 454 2382 et
467 2350 702 2383 occasionem
715 2349 977 2383 malefaciendi
993 2349 1100 2392 juxta
1115 2358 1224 2391 posse
1237 2349 1419 2390 nostrum,
1429 2350 1467 2382 et
1482 2349 1528 2382 de
1541 2349 1713 2382 omnibus
1728 2347 1905 2391 peccatis,

279 2404 325 2437 de
342 2404 476 2445 quibus
512 2404 808 2443 recordabimur,
834 2403 996 2437 faciendi
1020 2404 1284 2437 contritionem
1308 2405 1345 2437 et
1369 2403 1642 2436 confessionem
1667 2402 1902 2446 generalem.

279 2458 374 2491 Item
387 2458 550 2491 faciendi
564 2458 611 2491 de
624 2458 718 2491 bene
732 2458 926 2499 acquisitis
940 2458 1206 2491 testamentum
1231 2458 1308 2491 sive
1321 2457 1610 2497 ordinationem,
1624 2457 1750 2490 debita
1761 2456 1906 2491 solvere

277 2510 335 2544 vel
353 2512 559 2554 assignare,
570 2513 607 2545 et
619 2512 747 2545 facere
760 2511 1041 2545 restitutionem
1051 2512 1096 2545 de
1110 2512 1246 2545 alieno.
1258 2510 1354 2545 Item
1369 2520 1550 2554 ponemus
1563 2520 1630 2544 nos
1640 2511 1679 2544 in
1691 2511 1790 2545 statu
1802 2511 1905 2554 pacis

279 2567 317 2599 et
340 2566 622 2600 emendabimus
650 2566 688 2599 et
721 2565 1016 2609 indulgebimus
1048 2566 1143 2600 Item
1166 2575 1234 2609 pro
1250 2566 1398 2608 „iuribus
1421 2566 1548 2600 sancte
1572 2565 1743 2606 ecclesie,
1761 2565 1905 2600 honore

279 2622 317 2653 et
331 2621 518 2661 libertate,
536 2621 622 2660 fide,
642 2620 816 2654 doctrina
840 2621 879 2654 et
895 2620 981 2663 lege
1005 2621 1220 2661 defendere,
1233 2622 1363 2655 tenere
1385 2621 1424 2654 et
1435 2629 1598 2660 servare,
1611 2629 1747 2662 corpus
1773 2620 1811 2654 et
1822 2629 1904 2663 pos-

282 2675 466 2709 sessiones
494 2683 735 2717 exponemus.
764 2675 875 2715 Item,
893 2676 1197 2719 recognoscendo
1221 2676 1319 2717 quod
1343 2684 1472 2709 omnes
1495 2684 1622 2708 sumus
1639 2683 1685 2708 ex
1700 2675 1904 2709 1111310310-

279 2730 337 2763 ria
371 2731 501 2770 creati,
537 2730 723 2772 redempti
749 2739 824 2763 uno
857 2731 997 2772 precio,
1034 2731 1150 2764 dotati
1180 2740 1254 2764 uno
1281 2731 1392 2771 dono,
1417 2730 1594 2764 debemus
1624 2738 1721 2762 unus
1744 2729 1904 2764 alterum

281 2785 436 2818 fratrem
454 2783 659 2828 appellare,
687 2786 726 2817 et
754 2785 855 2827 quod
883 2784 1008 2819 nullus
1035 2794 1143 2818 suum
1174 2785 1316 2819 socium
1343 2784 1562 2818 nominabit.
1580 2784 1690 2824 Item,
1720 2783 1905 2818 intrantes

281 2839 418 2872 debent
434 2849 457 2873 a
472 2849 538 2873 suo
558 2841 687 2873 curato
711 2841 843 2882 petere
860 2839 1052 2874 licentiam
1079 2841 1118 2873 et
1133 2840 1179 2874 ab
1195 2841 1276 2883 ipso
1291 2849 1441 2874 crucem
1464 2839 1635 2882 recipere
1656 2840 1695 2872 et
1716 2840 1763 2874 ab
1786 2847 1905 2873 uxore

284 2903 351 2926 sua
364 2893 536 2937 legitima
548 2895 677 2936 petere
693 2894 887 2929 licentiam
901 2895 940 2929 et
954 2895 993 2929 in
1011 2895 1225 2929 obedientia
1241 2895 1397 2929 alterius
1419 2903 1459 2928 se
1476 2894 1650 2928 ordinare
1666 2895 1705 2928 et
1719 2902 1760 2927 se
1781 2893 1904 2936 ipsum

283 2948 526 2992 disciplinare
548 2948 708 2991 triginta
745 2949 865 2983 tribus
891 2950 1022 2984 diebus
1045 2959 1129 2984 cum
1153 2950 1321 2991 dimidio,
1353 2950 1484 2984 sedere
1505 2959 1579 2984 non
1605 2957 1718 2992 super
1743 2947 1902 2992 plumaS,
