2050 3470
231 266 275 298 30
870 264 1005 298 ANNO
1031 266 1217 299 1175-1177

277 379 423 412 Addunt
436 380 620 419 preterea,
637 377 677 409 ut
690 375 781 408 mihi
796 376 956 416 videtur,
973 377 1070 417 quod
1084 378 1287 410 sectatores
1301 378 1372 410 mci
1385 377 1580 411 ecclesiam
1596 388 1667 411 non
1683 379 1854 421 frequen-

233 439 324 466 tant.
343 433 439 474 quod
458 441 592 472 corpus
611 432 759 464 Domini
779 441 850 463 non
876 431 1075 472 accipiunt.
1103 431 1314 465 Sectatores
1339 435 1463 465 utrum
1489 433 1683 466 habuerim
1711 434 1856 476 aliquos

234 488 289 520 vel
308 488 462 520 habeam
483 486 590 518 modo
616 487 762 526 nesci03
793 487 856 518 sed
876 486 973 527 quod
998 485 1137 519 habere
1154 495 1346 527 nunquam
1373 488 1610 528 intenderim,
1637 489 1725 521 scio.
1752 489 1856 522 Atta-

233 551 316 575 men
334 541 425 574 milii
453 542 574 574 sciens
591 541 803 582 impositam
821 541 1082 573 necessitatem
1100 543 1248 573 mortuo
1267 542 1374 574 fratri
1392 551 1475 574 meo
1495 551 1621 575 semen
1639 544 1855 584 suscitandi,

232 607 274 629 ve
293 597 383 629 mihi
403 599 439 630 et
457 605 536 629 esse
560 599 597 629 et.
615 597 709 635 fore,
736 597 767 628 si
793 605 864 628 non
883 595 1197 637 evangelizarem,
1217 596 1475 629 formidabam.
1503 597 1601 630 Dicit
1619 598 1719 630 enim
1737 598 1859 632 Domi-

235 662 301 685 nus
317 661 384 693 per
401 651 649 684 Iheremiam:
684 666 699 678 «‹
715 650 882 683 Dilectus
899 651 961 691 qui
987 650 1160 692 prohibet
1186 650 1353 693 gladium
1381 661 1489 684 suum
1513 661 1534 685 a
1557 652 1740 695 sanguine
1755 662 1794 693 ’νς
1819 653 1857 686 et

231 716 297 748 per
317 707 472 740 Petrum
494 717 500 738 :
522 721 536 733 u
557 706 820 747 Unusquisque
845 706 939 738 sicut
965 706 1109 747 accepit
1136 706 1299 748 gratiam
1325 705 1429 739 illam
1445 707 1483 739 in
1501 706 1724 740 alterutrum
1742 706 1856 740 admi-

233 763 433 795 nistrantes
462 762 553 794 sicut
585 761 670 793 boni
697 761 972 802 dispensatores
998 760 1240 793 multiformis
1265 761 1388 803 gratie
1415 761 1496 795 Dei.
1524 777 1539 789 „
1568 762 1736 795 Gratiam
1763 770 1856 804 ergo

232 817 497 858 predicationis
515 816 716 849 secundum
730 824 943 848 mensuram
960 816 1172 848 donationis
1187 815 1324 848 Christi
1345 816 1436 848 mihi
1454 817 1578 849 datam
1591 817 1629 849 in
1643 818 1746 849 terra
1756 825 1858 858 ques-

232 876 290 904 tus
308 872 450 913 proprii
476 872 629 903 minime
654 871 952 903 abscondendam
981 869 1213 913 intelligens,
1237 870 1282 903 ad
1307 880 1520 904 mensuram
1537 880 1596 905 me
1612 872 1693 904 tota
1717 869 1856 904 virtute

232 936 312 959 eam
331 927 476 960 dedisse
494 926 645 959 memini
665 936 673 967 ;
700 925 763 958 sed
780 926 967 958 neminem
984 934 1125 965 eorum,
1147 926 1281 966 quibus
1298 926 1603 960 committebatur
1626 926 1672 959 ad
1695 934 1754 959 me
1780 934 1856 959 sec-

232 982 398 1021 tandum,
417 982 481 1014 sed
495 981 602 1019 Eum,
623 981 685 1022 qui
697 990 764 1022 pro
779 981 868 1022 ipsis
887 983 1056 1013 mortuus
1070 985 1125 1014 est
1139 983 1175 1013 et
1189 981 1410 1022 resurrexit,
1426 981 1602 1014 invitasse
1615 990 1674 1015 me
1687 981 1856 1013 reminis-

231 1045 306 1069 cor.
333 1037 415 1069 Non
435 1045 530 1079 nego
550 1038 672 1069 tamen
691 1035 836 1076 aliquos
864 1035 1045 1075 extitisse,
1072 1035 1228 1068 clericos
1246 1044 1395 1077 paucos,
1421 1035 1536 1069 laicos
1554 1036 1703 1075 multos,
1729 1035 1794 1077 qui
1817 1035 1856 1067 in

231 1100 290 1124 me
304 1093 476 1125 notantes
493 1091 643 1124 habitus
660 1090 924 1130 humilitatem,
943 1090 1172 1123 cibariorum
1189 1090 1500 1131 mediocritatem,
1519 1090 1640 1133 glorie
1658 1092 1694 1124 et
1710 1090 1855 1124 divitia-

231 1156 312 1179 rum
333 1148 599 1188 contemptum,
614 1145 715 1177 circa
729 1143 871 1177 cultum
889 1145 1057 1177 divinum
1074 1145 1301 1177 mundiciam
1315 1146 1352 1178 et
1365 1154 1493 1178 curam
1508 1146 1804 1187 propensiorem,
1817 1146 1858 1178 ut

229 1203 351 1235 minus
375 1202 523 1243 sapiens
556 1201 652 1240 dico,
681 1200 818 1233 Christi
845 1200 883 1232 in
909 1209 968 1233 me
998 1200 1215 1233 nitebantur
1239 1202 1276 1233 et
1301 1200 1397 1243 legis
1414 1201 1495 1241 ejus
1520 1201 1603 1234 fieri
1620 1200 1858 1234 emulatores

232 1257 280 1290 Et
304 1257 491 1289 benidicta
516 1256 590 1289 sint
613 1256 659 1289 ad
684 1255 767 1295 hoc,
787 1256 885 1296 quod
905 1255 1137 1288 subsannant
1162 1256 1367 1289 sectatores
1383 1265 1443 1289 me
1460 1255 1649 1296 habuisse,
1668 1265 1751 1289 cum
1768 1255 1860 1289 etin

229 1313 363 1345 bonam
379 1313 525 1354 partem
542 1312 705 1344 sectator
724 1311 943 1352 accipiatur,
959 1311 1054 1344 teste
1080 1309 1250 1352 apostolo
1269 1311 1332 1352 qui
1357 1311 1448 1344 dicit
1467 1325 1481 1337 u
1497 1312 1659 1344 sectator
1674 1312 1858 1344 bonorum

228 1377 394 1411 operum.
418 1383 432 1395 „

271 1423 319 1456 Et
343 1422 527 1464 quomodo
547 1422 619 1463 ipsi
637 1430 675 1454 se
691 1430 788 1453 nunc
805 1420 967 1453 habeant
985 1421 1050 1453 aut
1066 1420 1103 1452 in
1119 1429 1230 1461 quem
1243 1420 1379 1452 statum
1393 1419 1624 1461 devenerint,
1643 1421 1688 1453 ad
1701 1420 1857 1454 exilium

230 1480 378 1511 coactus
399 1479 435 1510 et
459 1476 571 1519 longe
589 1477 634 1509 ab
653 1476 707 1509 eis
732 1476 875 1517 positus
893 1476 989 1507 scire
1014 1484 1087 1507 non
1105 1484 1276 1517 possum3
1303 1475 1366 1507 sed
1384 1474 1513 1515 quales
1538 1484 1601 1508 eos
1624 1475 1857 1517 aliquantum

228 1533 398 1573 viderim,
413 1534 450 1565 et
468 1530 598 1573 quales
611 1530 833 1572 reliquerim
847 1531 992 1563 nescire
1011 1540 1085 1562 non
1101 1539 1265 1572 possum.
1284 1529 1369 1561 Vidi
1395 1532 1497 1563 certe
1511 1539 1586 1572 eos,
1606 1532 1643 1563 et
1658 1522 1796 1572 reliqui
1809 1530 1856 1563 ad

227 1589 422 1623 ecclesiam
436 1586 597 1619 sollicite
614 1588 650 1619 et
664 1587 884 1627 frequenter
895 1586 1139 1625 confluentes,
1149 1584 1266 1617 multo
1282 1585 1450 1618 devotius
1464 1594 1524 1618 me
1540 1586 1703 1625 orantes,
1717 1585 1855 1618 hones-

226 1645 368 1677 tissime
392 1645 429 1676 et
447 1643 665 1675 reverenter
690 1650 728 1674 se
756 1641 851 1673 inibi
867 1640 1132 1679 custodientes,
1152 1641 1231 1672 tota
1255 1640 1433 1673 aviditate
1448 1641 1603 1673 verbum
1620 1641 1689 1674 Dei
1703 1641 1853 1674 audien-

226 1705 294 1739 tes,
310 1699 347 1731 in
362 1696 606 1730 immolatime
624 1697 792 1738 corporis
809 1697 846 1728 et
860 1696 1055 1738 sanguinis
1072 1695 1259 1728 Dominici
1285 1695 1391 1736 quasi
1415 1696 1672 1728 universitatis
1699 1696 1854 1728 l·omino

227 1765 294 1797 pro
315 1763 353 1788 se
372 1754 493 1786 denuo
510 1752 681 1794 patienti,
700 1751 860 1793 suspiris
878 1752 915 1784 ct
932 1750 1101 1793 singultu
1118 1750 1308 1791 frequenti
1325 1750 1550 1783 testificante
1569 1751 1852 1793 compatientes,

227 1808 319 1840 adeo
337 1810 377 1840 ut
406 1808 493 1840 dum
523 1806 656 1840 altario
675 1806 903 1847 aliquotiens
920 1815 1005 1838 cum
1022 1805 1170 1847 lapideo
1189 1806 1300 1838 corde
1315 1806 1543 1846 assisterem,
1558 1806 1726 1847 tantique
1740 1806 1854 1839 affec-

227 1869 285 1895 tus
299 1865 335 1895 et
350 1863 501 1904 pietatis
515 1862 655 1894 indicia
667 1862 878 1894 certissima
888 1861 1136 1903 perciperem,
1149 1860 1285 1893 dilecto
1304 1860 1395 1892 mihi
1415 1860 1687 1902 quodammodo
1711 1870 1779 1903 per
1790 1870 1854 1894 eos

226 1916 415 1958 loquente,
431 1918 592 1950 animam
609 1926 730 1950 meam
747 1916 889 1958 pariter
902 1916 1090 1957 liquefieri
1106 1915 1296 1948 sentirem.
1308 1915 1403 1953 Quid
1417 1916 1580 1956 denique
1593 1917 1757 1949 referam
1769 1925 1855 1949 cum

225 1975 364 2013 quanta
396 1972 518 2005 cordis
550 1972 789 2010 contritione,
822 1980 906 2003 cum
933 1972 1073 2011 quanta
1101 1969 1342 2002 lacrimarum
1366 1970 1594 2011 perfusione,
1613 1979 1697 2002 cum
1715 1971 1854 2011 quanta

223 2028 437 2060 reverentia
454 2028 490 2060 et
508 2028 685 2060 tremore.
705 2035 817 2067 quam
835 2025 915 2058 sine
941 2025 1041 2057 omni
1060 2024 1217 2066 strepitu
1236 2023 1409 2066 populari
1427 2024 1464 2057 et
1480 2025 1700 2058 confusione
1718 2034 1853 2067 corpus

223 2084 262 2115 et
289 2083 513 2124 sanguinem
530 2081 733 2115 Salvatoris
747 2079 848 2113 soliti
871 2081 979 2113 erant
993 2079 1210 2121 percipere?
1227 2079 1489 2112 Procedebant
1516 2088 1605 2112 sane
1629 2079 1853 2113 delectabile

225 2138 304 2170 visu
320 2138 490 2177 sensatis,
508 2135 679 2169 terribile
693 2136 878 2177 reprobis,
901 2137 942 2167 ut
959 2135 1168 2167 castrorum
1201 2134 1300 2166 acies
1318 2134 1501 2167 ordinata.
1526 2134 1645 2172 Quem
1661 2144 1732 2177 ego
1750 2135 1853 2168 ordi-

225 2203 309 2226 nem
335 2196 371 2225 et
395 2192 545 2234 pietatis
577 2191 751 2224 affectum
776 2191 813 2222 in
839 2191 892 2223 eis
915 2190 1169 2228 considerans,
1195 2198 1255 2222 me
1285 2198 1374 2222 vero
1398 2188 1480 2222 loco
1506 2189 1753 2231 superiorem,
1786 2190 1851 2222 sed

226 2248 359 2279 merito
388 2246 501 2289 longe
530 2247 751 2279 inferiorem
767 2254 1028 2287 expavescens,
1055 2245 1242 2286 optabam,
1268 2253 1341 2276 non
1370 2243 1590 2277 laborabam
1609 2244 1743 2277 similis
1767 2245 1851 2277 fieri

225 2303 378 2335 dicens:
417 2302 602 2335 Moriatur
634 2301 759 2334 anima
789 2309 873 2333 mea
896 2301 1016 2333 morte
1039 2300 1237 2341 justorum,
1265 2300 1356 2332 fiant
1381 2299 1584 2332 novissima
1606 2308 1689 2333 mea
1716 2299 1852 2332 horum

225 2357 374 2390 similia.
406 2357 565 2389 Domum
592 2365 680 2389 vero
706 2356 884 2397 regressi,
910 2355 1035 2388 sobrie
1062 2355 1099 2387 et
1122 2354 1183 2396 pie
1211 2354 1472 2394 vescebantur,
1503 2355 1695 2387 residuum
1726 2355 1851 2388 autem

225 2413 300 2445 diei
314 2422 431 2453 usque
444 2412 488 2444 ad
505 2412 719 2453 vespertine
735 2411 857 2443 laudis
874 2411 1034 2452 tempus,
1055 2409 1327 2451 sollempnibus
1352 2409 1434 2442 dico
1454 2409 1598 2449 diebus,
1621 2409 1658 2442 in
1682 2409 1849 2451 psalmis,

224 2469 261 2500 in
291 2468 411 2509 ymnis
435 2468 472 2499 et
506 2467 661 2499 canticis
689 2466 950 2508 spiritualibus
981 2465 1255 2506 expendebant,
1281 2464 1410 2497 audita
1435 2473 1580 2505 queque
1612 2464 1651 2496 in
1691 2464 1851 2498 ecclesia

223 2523 454 2554 ruminantes
482 2524 519 2554 et
542 2531 623 2555 sese
650 2523 779 2554 mutuo
797 2521 842 2554 ad
859 2520 1145 2554 custodiendum
1169 2519 1422 2552 cohortantes.
1442 2519 1549 2552 Unde
1574 2520 1615 2552 et
1638 2528 1722 2562 ege,
1742 2520 1849 2552 bonis

226 2586 355 2610 eorum
387 2577 519 2609 studiis
544 2585 763 2619 cooperanS‚
795 2576 1006 2618 virginibus
1034 2575 1150 2608 vitam
1175 2575 1212 2607 et
1243 2575 1457 2616 passionem
1481 2574 1590 2607 beate
1613 2574 1781 2616 Virginis
1812 2575 1850 2607 et

226 2632 363 2664 Christi
382 2632 511 2664 matris
536 2632 687 2675 agnitis,
720 2631 892 2664 omnibus
909 2639 997 2663 vero
1016 2629 1248 2672 generaliter
1272 2630 1376 2662 actus
1393 2629 1649 2671 apostolorum
1665 2628 1849 2662 rithmicis

226 2688 492 2728 concrepantes
510 2685 671 2719 modulis
689 2687 733 2719 ad
751 2686 920 2728 linguam
937 2685 1008 2717 sibi
1027 2685 1212 2717 notiorem
1230 2693 1252 2716 a
1268 2683 1403 2716 Latina
1421 2683 1848 2726 transfuderam‚multis

223 2741 303 2774 loco
321 2751 487 2784 congruo
518 2741 669 2773 insertis
694 2739 1024 2778 exhortationilus,
1050 2740 1091 2771 ut
1107 2737 1283 2771 videlicet
1306 2738 1489 2771 haberent
1505 2738 1543 2770 et
1571 2737 1702 2770 diebus
1726 2737 1846 2777 festis,

223 2796 360 2829 mundo
386 2797 423 2828 in
456 2796 568 2828 rebus
596 2795 767 2835 pessimis
799 2792 1004 2833 exultante,
1034 2801 1056 2825 a
1078 2794 1261 2824 venenato
1286 2792 1403 2833 ipsius
1427 2790 1540 2825 melle
1565 2800 1646 2825 sese
1670 2800 1847 2825 revocare

222 2852 440 2893 potuissent.

265 2905 313 2938 Et
331 2905 401 2938 hoc
419 2909 486 2944 est,
505 2904 602 2946 quod
627 2906 756 2945 preter
772 2903 902 2944 scripti
917 2903 973 2935 sui
993 2902 1250 2935 accusationes
1267 2901 1438 2942 queritur
1455 2901 1538 2941 iste,
1563 2909 1622 2933 me
1640 2901 1846 2943 scripturas

223 2968 346 2992 sacras
372 2960 537 3001 indignis
566 2959 769 3000 aperuisse,
797 2967 870 2991 non
895 2966 1150 2990 rememorans
1174 2957 1272 2998 quod
1291 2956 1454 2998 predixit
1479 2956 1661 2989 Dominus
1685 2964 1846 2999 regnum

2018 3155 2043 3470 QQSKIT
2023 3114 2041 3146 &7
2024 3079 2044 3091 ἱ
