2050 3470
749 248 886 284 ANNO
922 249 1006 283 1423
1630 250 1695 283 253

97 360 283 394 Martinus
311 360 523 402 episcopus,
564 368 698 393 seruus
726 367 925 393 seruorum
966 359 1050 402 Dei,
1083 359 1292 392 venerabili
1332 360 1486 395 fratri...
1516 361 1695 404 episcopo

54 416 284 450 Lausanensi
309 417 347 449 et
363 414 501 448 dilecto
520 414 635 448 filio..
652 415 821 449 heretice
846 414 1046 456 prauitatis
1077 415 1115 447 in
1144 415 1299 449 ciuitate
1328 419 1366 449 et
1383 417 1523 450 diocesi
1550 417 1696 450 Lausa-

52 471 160 505 nensi
183 470 414 513 inquisitori,
441 470 603 503 salutem
628 471 666 503 et
689 469 937 512 apostolicam
964 470 1284 504 benedictionem.

96 525 202 560 Inter
236 526 436 567 precipuas
465 525 726 559 solicitudines
764 525 963 568 regiminis
1002 525 1227 558 vniuersalis
1263 527 1437 567 ecclesie,
1474 528 1609 568 quibus
1650 536 1697 561 ex

52 581 222 614 iniuncto
240 581 348 613 nobis
365 581 547 613 diuinitus
565 580 686 614 officio
704 579 816 613 saluti
835 581 966 622 gregis
980 580 1159 612 dominici
1177 583 1403 623 propensius
1427 583 1626 615 intendere
1659 585 1698 614 et

52 635 489 678 feruenciusinuigilare
515 636 708 673 debemus,
735 636 800 668 hcc
823 636 930 667 nobis
948 636 1131 668 i11‹·umbit
1149 645 1239 669 cura
1266 638 1475 678 potissima,
1493 640 1531 669 vt
1544 637 1698 670 hereses

52 693 91 725 et
118 691 213 724 alios
241 691 430 732 quoslibet
453 700 617 730 errores,
645 691 855 724 sedit-iones
881 692 918 723 et.
943 690 1122 723 scandala
1152 692 1252 724 inter
1280 692 1441 734 populos
1470 692 1699 726 christianos

51 755 277 788 omnemque
293 747 463 780 eiusdem
490 746 621 789 gregis
644 746 867 779 iniectiuani
892 746 1103 779 doctrinam
1121 756 1274 788 prorsus
1293 748 1443 781 abicere
1461 749 1500 780 et
1524 749 1695 781 funditus

52 803 246 845 extirpare
260 811 452 835 conemur.

95 857 228 900 Nuper
240 857 426 899 siquidem
439 856 588 890 litteras
605 857 763 896 vestras,
779 857 967 898 quendam
981 857 1180 890 Nicolaum
1200 857 1410 891 Scrrurarii
1430 859 1573 892 ordinis
1590 858 1697 893 here-

52 913 231 947 mitarum
263 913 382 946 sancti
417 911 635 955 Augustini,
669 922 774 945 sacre
804 912 999 955 theologie
1024 913 1263 956 magistrum,
1294 914 1436 947 dudum
1472 914 1696 948 Constancie

53 977 168 1011 super
184 967 378 1002 nonnullis
402 968 597 1001 erroribus
615 968 729 1001 fidem
760 967 986 1001 catholicam
1015 969 1272 1011 tangentibus,
1290 978 1359 1012 per
1375 970 1499 1012 ipsum
1527 970 1566 1002 in
1583 969 1697 1002 certis

54 1023 263 1057 Galliarum
300 1022 473 1065 partibus
501 1023 782 1065 dogmatizatis,
810 1022 1015 1056 diffinitiua
1043 1033 1088 1057 ex
1121 1023 1387 1056 commissione
1412 1024 1556 1063 nostra,
1589 1033 1698 1056 sacro

53 1078 288 1121 approbante
312 1078 486 1117 concilio,
505 1077 583 1110 lata
611 1077 811 1116 sententia,
831 1078 1071 1119 postmodum
1099 1078 1138 1110 in
1164 1079 1298 1111 eodem
1327 1078 1487 1111 concilio
1513 1087 1559 1112 ex
1583 1077 1699 1111 simili

53 1134 316 1167 commissione
345 1133 579 1172 confirmata,
609 1133 828 1166 damnatum
856 1135 894 1166 et
923 1134 1207 1172 sententiatum,
1241 1134 1340 1175 apud
1377 1143 1441 1166 vos
1481 1134 1697 1167 carceribus

54 1189 217 1223 detineri
244 1189 494 1228 insinuantes,
523 1197 682 1221 vnacum
711 1188 874 1230 quodam
897 1188 1048 1230 publice
1077 1189 1326 1222 confessionis
1354 1198 1422 1231 per
1446 1189 1570 1231 ipsum
1598 1189 1696 1221 facte

52 1244 317 1284 instrument-0,
346 1244 718 1286 interrogacionibus
741 1243 861 1276 eciam
883 1253 952 1285 per
976 1253 1062 1277 eum
1088 1252 1215 1277 coram
1244 1243 1449 1277 tabellione
1474 1244 1512 1277 et
1536 1243 1696 1276 testibus

53 1300 164 1341 datis,
190 1300 431 1342 accepimus3
460 1300 498 1332 et
526 1308 610 1332 cum
639 1299 740 1332 idem
770 1299 949 1331 Nicolaus
984 1299 1154 1341 tempore
1180 1300 1364 1341 captionis
1389 1299 1635 1341 protenderet
1659 1307 1698 1331 se

53 1364 135 1389 esse
165 1355 205 1388 in
232 1355 294 1388 via
318 1356 364 1388 ad
397 1354 600 1387 concilium
633 1353 814 1397 generale
842 1354 971 1396 eundi,
1001 1355 1090 1396 quid
1120 1355 1165 1388 de
1182 1364 1226 1388 eo
1246 1355 1329 1388 fieri
1355 1354 1575 1388 vellemusa
1593 1354 1701 1387 nobis

52 1410 284 1454 postulastis.
1484 1441 1489 1445 .

97 1466 203 1500 Vnde
220 1475 317 1505 cum,
336 1466 415 1498 viso
434 1465 534 1498 dicto
561 1464 810 1498 consessionis
834 1465 1104 1504 instrumento,
1123 1474 1197 1497 non
1223 1465 1272 1497 sit
1294 1465 1501 1499 verisimile
1525 1466 1699 1499 tenorem

53 1522 153 1555 dicte
170 1521 362 1555 sentencie
387 1522 486 1563 apud
510 1530 576 1553 vos
601 1521 689 1553 tunc
714 1520 892 1560 existere,
912 1530 996 1552 eum
1020 1520 1122 1553 idem
1140 1520 1320 1553 Nieolaus
1338 1520 1450 1562 plene
1468 1522 1506 1554 et
1519 1522 1696 1563 specifice

54 1586 168 1619 super
186 1575 348 1619 singulis
376 1576 475 1609 dicte
504 1575 697 1608 sentencie
726 1575 897 1608 articulis
928 1585 1003 1608 non
1032 1575 1206 1608 videatur
1232 1576 1506 1618 interrogatus,
1540 1577 1697 1618 ipseque

54 1632 300 1672 sufficientes,
319 1631 386 1665 sed
399 1631 545 1672 aliquas
559 1631 691 1663 dubias
709 1631 747 1664 et
764 1630 1010 1663 alternatiuas
1027 1631 1073 1663 ad
1091 1630 1179 1663 illos
1197 1631 1333 1671 quibus
1349 1632 1546 1673 respondit
1562 1633 1701 1665 articu-

53 1687 114 1727 ils,
133 1697 208 1721 non
221 1687 370 1721 dederit
390 1686 669 1729 responsiones,
689 1695 758 1719 nec
775 1686 814 1718 in
839 1687 974 1727 quibus
999 1687 1098 1719 dicte
1124 1686 1317 1719 sentencie
1341 1687 1513 1728 paruerit
1529 1690 1594 1720 aut
1613 1698 1683 1720 con

53 1742 576 1785 trauenerit,specificauerit,
588 1751 656 1774 nos
673 1740 948 1774 consultacioni
965 1743 1089 1775 vestre
1104 1742 1276 1775 breuiter
1292 1743 1578 1784 respondentes,
1593 1744 1700 1775 vobis

53 1797 323 1831 committimus
340 1798 378 1830 et
394 1797 615 1830 mandamus
644 1798 830 1839 quatenus
859 1797 1086 1830 sententiam
1115 1797 1338 1838 predictam,
1358 1806 1470 1838 quam
1495 1798 1600 1830 vobis
1632 1798 1700 1830 sub

52 1853 204 1896 publico
222 1853 476 1886 instrumento
506 1853 813 1894 transmittimus,
843 1853 1061 1885 executioni
1087 1853 1213 1885 debite
1245 1861 1314 1894 per
1341 1862 1406 1884 vos
1424 1852 1482 1886 vel
1500 1852 1616 1885 alium
1634 1862 1700 1886 seu

53 1908 148 1942 alios
161 1909 388 1942 auctoritate
415 1909 545 1941 nostra
562 1908 791 1941 demandare
810 1908 963 1940 curetis.
981 1908 1029 1940 Et
1046 1907 1315 1940 nichilominus
1335 1908 1365 1940 si
1382 1917 1452 1949 per
1467 1909 1542 1941 iam
1560 1909 1698 1941 factam

53 1963 112 1998 vel
128 1964 340 1997 faciendam
365 1964 456 1996 dicti
473 1963 634 2006 Nicolai‚
652 1972 764 2005 quem
782 1972 896 2005 super
909 1963 1072 2006 singulis
1089 1964 1128 1996 in
1154 1964 1287 1997 eadem
1301 1963 1495 1996 sentencia
1512 1964 1699 1997 contentis

54 2018 225 2052 articulis
252 2018 502 2062 singulariter
519 2020 556 2052 et
580 2019 755 2061 specifice
780 2019 1041 2061 interrogetis,
1067 2019 1343 2052 confessionem
1369 2019 1434 2051 aut
1450 2018 1700 2060 probaciones

55 2073 164 2113 alias,
182 2074 229 2107 de
248 2074 384 2115 quibus
397 2074 513 2106 etiam
537 2074 670 2107 eadem
687 2074 914 2107 auctoritate
940 2073 1146 2116 diligenter
1168 2074 1384 2115 inquiratis,
1409 2074 1568 2107 eundem
1589 2075 1699 2108 Nico-

54 2128 158 2162 laum
173 2128 364 2171 relapsum
382 2130 466 2162 fore
483 2130 549 2162 aut
561 2128 655 2162 alias
673 2130 711 2162 in
722 2129 918 2171 premissis
936 2128 1141 2171 deliquisse
1157 2130 1392 2171 repereritis,
1404 2130 1524 2171 ipsum
1539 2130 1699 2171 prouide

56 2184 259 2228 corrigatis
277 2186 315 2218 et
331 2185 498 2227 puniatis
515 2185 722 2218 secundum
747 2185 948 2217 canonicas
972 2184 1183 2217 sanciones.
1203 2184 1510 2218 Contradictores
1529 2194 1598 2226 per
1615 2194 1701 2218 cen-

56 2249 162 2274 suras
179 2240 466 2281 ecclesiasticas,
485 2239 747 2282 appellacione
760 2240 982 2282 postposita,
997 2240 1285 2281 compescendo,
1300 2240 1476 2273 inuocato
1502 2241 1548 2273 ad
1566 2240 1650 2280 hoc,
1669 2240 1700 2272 si

57 2304 150 2338 opus
172 2296 301 2336 fuerit,
331 2295 473 2328 auxilio
488 2295 634 2328 brachii
660 2295 854 2329 secularis
876 2296 1009 2328 Testes
1029 2297 1155 2328 autem
1175 2296 1238 2336 qui
1256 2296 1401 2328 fuerint
1418 2296 1616 2335 nominati,
1636 2295 1701 2336 qui

55 2359 96 2384 se
112 2351 254 2394 gracia,
270 2351 355 2384 odio
379 2350 439 2384 vel
457 2351 595 2384 timore
614 2351 885 2391 subtraxerint,
903 2359 1063 2384 censura
1088 2349 1217 2390 simili,
1232 2349 1495 2392 appellat-ione
1513 2352 1700 2393 cessante,

56 2405 292 2447 compellatis
306 2406 456 2439 veritati
471 2406 730 2439 testimonium
749 2406 967 2448 perhibere.
983 2406 1069 2439 Non
1086 2406 1322 2438 obstantibus
1340 2407 1416 2439 tam
1430 2405 1553 2439 felicis
1570 2415 1701 2439 recor-

57 2461 226 2494 dacionis
243 2461 430 2494 Bonifacii
445 2471 541 2504 pape
554 2462 644 2495 VIII
657 2462 938 2503 predecessoris
956 2461 1088 2500 nostri,
1109 2461 1147 2493 in
1173 2461 1308 2502 quibus
1323 2462 1480 2494 cauetur
1497 2471 1544 2495 ne
1557 2461 1701 2495 iudices

57 2525 80 2549 a
95 2516 183 2550 sede
200 2516 409 2559 apostolica
433 2517 605 2558 deputati
623 2516 770 2558 aliquos
784 2517 886 2550 ultra
902 2526 1015 2549 unam
1033 2516 1175 2549 dietam
1191 2525 1213 2549 a
1230 2516 1305 2549 fine
1319 2516 1479 2549 diocesis
1493 2517 1701 2550 eorundem

56 2571 210 2605 trahere
223 2573 456 2614 presumant,
475 2574 512 2605 et
529 2573 575 2605 de
593 2572 737 2605 duabus
755 2573 868 2606 dietis
891 2573 930 2605 in
945 2571 1108 2605 concilio
1127 2571 1314 2614 generali,
1333 2581 1445 2613 quam
1459 2571 1544 2605 aliis
1568 2573 1704 2606 consti-

56 2627 265 2660 tutionibus
289 2627 507 2670 apostolicis
535 2628 747 2669 ceterisque
776 2628 978 2661 contrariis
1004 2628 1318 2668 quibuscumque,
1352 2636 1418 2660 seu
1447 2628 1478 2660 si
1511 2627 1702 2669 aliquibus

57 2683 308 2716 communiter
324 2682 381 2716 vel
399 2683 552 2716 diuisim
569 2691 591 2716 a
607 2683 707 2716 dicta
720 2684 769 2715 sit
786 2684 875 2717 sede
892 2682 1094 2720 indultum.
1111 2683 1210 2724 quod
1228 2683 1417 2722 interdici,
1437 2683 1619 2724 suspendi
1640 2682 1699 2716 vel

58 2738 390 2778 excommunicari,
410 2740 474 2772 aut
487 2738 586 2772 vltra
601 2738 660 2772 vel
678 2740 786 2772 extra
802 2738 886 2772 loca
903 2739 949 2771 ad
974 2738 1155 2771 iudicium
1173 2738 1328 2771 euocari
1357 2748 1430 2771 non
1444 2739 1602 2780 possint,
1632 2748 1701 2781 per

58 2791 207 2826 litteras
220 2793 446 2835 apostolicas
464 2803 538 2826 non
552 2794 734 2827 facientes
747 2794 899 2836 plenam
925 2795 962 2827 et
979 2802 1195 2835 expressam
1220 2803 1263 2826 ac
1280 2793 1325 2827 de
1342 2794 1456 2827 verbo
1474 2794 1520 2826 ad
1541 2794 1698 2827 verbum

59 2848 106 2882 de
123 2848 266 2881 indulto
284 2848 499 2882 huiusmodi
517 2849 766 2882 mencionem.
788 2850 925 2883 Datum
942 2849 1064 2883 Rome
1089 2849 1189 2890 apud
1213 2850 1383 2882 sanctam
1400 2850 1560 2883 Mariam
1577 2849 1700 2883 maio-

59 2911 155 2944 rem,
167 2903 206 2937 II
222 2903 311 2938 Idus
324 2904 566 2945 Nouembris,
584 2904 828 2946 pontificatus
845 2904 964 2938 nostri
980 2912 1077 2937 anno
1096 2904 1216 2937 sexto.

410 2964 568 2999 Gcheim
602 2964 749 2999 archief
786 2974 857 2999 van
893 2965 959 2999 het
996 2964 1196 3004 Vatikaan‚
1225 2964 1435 3008 Regestum
1463 2971 1505 2999 n⁰
1534 2964 1699 3008 CCCLV.

452 3019 519 3054 fol.
536 3020 558 3053 8
576 3031 585 3063 3
618 3020 824 3065 afgedrukt
835 3021 885 3063 bij
902 3019 1077 3062 Cauchie,
1092 3019 1223 3056 Nicole
1234 3020 1438 3065 Serrzcrier,
1453 3021 1523 3056 blz.
1540 3021 1700 3056 324-326.
