2050 3470
782 241 917 276 ANNO
946 242 1129 274 1175-1177
1731 242 1769 274 31

140 354 208 388 Dei
221 355 383 387 dandum
401 354 504 396 genti
523 353 676 386 facienti
691 353 835 385 tructus
852 353 948 393 ejus,
969 361 1089 393 neque
1108 353 1240 384 notans
1265 352 1362 392 quod
1383 360 1492 393 quem
1512 352 1686 393 portabat
1705 362 1771 386 nec

138 410 386 443 manducabat
401 418 506 451 puer,
537 417 672 450 panem
690 407 888 449 discipulis
918 408 995 440 suis
1015 407 1182 446 tradidit,
1211 411 1250 438 ut
1274 406 1380 439 illum
1399 407 1507 440 turbe
1525 412 1770 449 apponerent.

138 464 203 498 Est
215 467 389 507 preterea
406 465 503 506 apud
518 473 582 497 eos
600 464 697 497 liber
714 464 945 506 psalmorum
963 473 1048 496 cum
1063 463 1235 496 omnibus
1254 462 1411 504 glosulis
1425 463 1501 494 suis
1519 466 1555 495 et
1570 464 1771 495 auctorita—

136 519 235 552 tibus
252 527 315 552 eas
346 519 611 552 roborantibus
636 519 673 551 in
698 518 893 561 vulgarem
918 518 1088 561 linguam
1107 527 1128 551 a
1146 517 1308 558 quodam
1338 517 1520 559 magistro
1547 516 1769 550 Flandrensi

136 573 351 608 translatus.
372 574 495 612 Quare
524 573 569 606 de
594 582 638 606 eo
663 583 737 606 non
768 574 960 614 queritur?
992 573 1114 611 Quare
1144 572 1256 605 homo
1284 581 1356 604 non
1383 572 1547 604 incusat?
1565 571 1774 614 Propterea

135 629 293 662 forsitan
312 629 400 670 quia
425 638 533 662 nemo
551 628 738 671 propheta
754 632 929 670 acceptus
947 632 999 661 est
1022 629 1059 660 in
1089 628 1213 670 patria
1230 636 1308 660 sua.
1336 626 1406 660 Ille
1424 636 1512 659 vero
1530 627 1711 669 magister
1727 627 1772 659 de

137 684 260 726 patria
276 684 357 726 ejus
375 693 448 717 non
466 685 550 716 tuit.

181 738 291 772 Tales
315 747 391 779 eos,
421 748 513 780 quos
539 739 609 780 ipsi
640 739 684 771 ad
720 738 919 771 ecclesiam
943 738 1054 771 modo
1081 748 1152 770 non
1181 738 1381 770 convenire
1422 740 1606 776 asserunt,
1637 737 1772 778 reliqui

136 792 266 835 quales
283 794 549 836 pronunciavi,
576 793 706 834 quales
724 795 849 826 autem
877 793 986 825 modo
1005 793 1093 833 sint,
1113 794 1210 826 sicut
1226 793 1302 834 Jam
1319 793 1409 831 dixi,
1430 792 1580 833 nescio;
1608 792 1672 825 sed
1702 792 1772 825 hoc

136 850 281 882 tantum
298 849 344 882 ab
361 849 648 882 adventantibus
662 849 786 888 audio,
802 849 890 889 quia
907 848 1003 890 quod
1024 849 1060 880 in
1080 848 1251 890 reprobis
1267 847 1475 880 Iheremias
1489 848 1705 888 exprobrat,
1720 848 1774 880 eis

136 913 209 937 non
227 912 355 947 agere.
373 904 437 937 sed
455 903 546 937 heu!
568 903 732 936 tolerare
750 904 959 946 contingat.
982 919 996 930 ι»
1020 904 1190 945 Desuper
1208 903 1385 942 tunicam,
1406 918 1421 930 κ
1448 903 1582 944 inquit,
1610 904 1675 935 uet
1699 902 1774 945 pal-

134 959 227 992 lium
242 958 381 992 tulistis
398 960 436 991 et
453 968 530 999 eos,
546 959 609 1000 qui
624 959 835 991 transibant
847 958 1083 1000 simpliciter,
1101 958 1342 991 convertistis
1357 959 1394 990 in
1410 957 1563 992 bellum.
1578 973 1593 986 n
1613 957 1771 996 Quidam

135 1015 237 1048 enim
249 1023 393 1055 eorum,
409 1015 505 1047 sicut
518 1015 556 1047 et
572 1023 641 1056 per
655 1015 827 1047 nuntium
840 1023 948 1046 suum
967 1015 1073 1046 nobis
1102 1014 1297 1055 conquesti
1316 1016 1416 1055 sunt,
1435 1013 1480 1046 ad
1497 1013 1708 1055 perjurium
1726 1013 1771 1045 ab

137 1070 192 1103 eis
215 1071 302 1103 sunt
333 1070 486 1109 irretiti,
506 1069 657 1111 quidam
683 1070 919 1109 incarcerati,
947 1069 1098 1110 quidam
1117 1068 1302 1102 violenter
1326 1069 1461 1111 fugati,
1480 1069 1622 1101 residui
1645 1077 1773 1101 omnes

135 1126 264 1168 preter
279 1125 512 1167 potentiores
540 1126 578 1157 et
607 1123 774 1157 occultos
793 1124 1120 1166 persecutionibus
1146 1126 1183 1157 et
1211 1123 1450 1157 contumeliis
1478 1124 1652 1165 expositi,
1677 1123 1772 1155 utin

134 1189 220 1214 mea
235 1189 383 1223 quoque
402 1182 509 1223 parte
527 1180 698 1213 videatur
711 1179 970 1222 adimpletum,
986 1180 1084 1220 quod
1102 1180 1148 1212 de
1162 1188 1307 1212 summo
1325 1180 1446 1221 capite
1461 1179 1603 1222 legitur
1616 1178 1774 1221 prophe-

134 1239 258 1269 tarum
276 1245 284 1269 ε
310 1250 326 1263 u
349 1236 567 1269 Percutiam
596 1237 800 1277 pastorem,
830 1237 867 1268 et
885 1235 1152 1277 dispergentur
1169 1243 1256 1267 oves
1282 1235 1424 1277 gregis.
1444 1234 1514 1272 Qui
1533 1233 1645 1267 habet
1662 1242 1772 1267 aures

136 1292 324 1330 audiendi,
341 1291 483 1324 audiat.
502 1306 518 1319 n

177 1347 372 1389 Adjiciunt
388 1347 502 1380 etiam
522 1355 580 1379 me
598 1346 868 1388 pronunciasse
886 1346 1043 1378 minoris
1061 1354 1143 1378 esse
1157 1346 1283 1378 reatus
1299 1355 1434 1387 corpus
1450 1345 1600 1377 Domini
1614 1345 1772 1387 pedibus

134 1402 369 1443 conculcare,
402 1411 515 1444 quam
538 1402 695 1434 verbum
710 1401 778 1434 Dei
806 1401 1047 1444 negligenter
1065 1400 1207 1434 audire.
1240 1401 1324 1433 Non
1349 1401 1401 1433 sic
1426 1400 1578 1438 veritas,
1605 1409 1678 1432 non
1704 1400 1768 1432 sic.

134 1456 206 1490 Sed
224 1457 375 1490 beatum
399 1456 651 1499 Augustinum
675 1455 815 1488 dixisse
841 1464 1002 1495 asseror,
1038 1455 1136 1496 quod
1161 1463 1256 1496 eque
1282 1464 1368 1488 reus
1393 1457 1503 1494 esset,
1534 1457 1571 1488 et
1595 1456 1658 1496 qui
1690 1464 1769 1487 cor-

131 1522 201 1555 pus
218 1512 370 1546 Domini
387 1520 455 1545 sua
467 1510 700 1554 negligentia
716 1511 755 1543 in
779 1512 919 1544 terram
932 1510 1008 1543 labi
1026 1511 1276 1553 permitteret,
1302 1512 1339 1543 et
1356 1511 1418 1552 qni
1438 1511 1594 1543 verbum
1623 1511 1691 1543 Dei
1709 1519 1771 1543 ne·

131 1566 324 1610 gligenter
337 1565 496 1599 audiret.
517 1564 555 1598 Si
573 1574 666 1607 ergo
698 1565 793 1598 bene
819 1564 914 1597 dixit
937 1565 1184 1607 Augustinus,
1215 1565 1443 1606 recipiatur3
1478 1566 1508 1597 si
1534 1565 1644 1605 male,
1674 1566 1768 1607 ipse,

133 1631 206 1655 non
231 1631 302 1665 ego
316 1622 624 1662 condempnetur.

175 1673 295 1708 Multa
322 1675 473 1716 quidem
501 1677 538 1708 et
563 1675 638 1708 alia
666 1675 942 1716 objectionibus
980 1684 1109 1708 eorum
1140 1675 1305 1717 presenti
1338 1676 1581 1717 responsione
1615 1684 1701 1709 verc
1734 1677 1772 1708 et

130 1730 338 1763 rationibus
355 1731 558 1763 confutatis
574 1730 749 1763 videntur
773 1730 927 1770 inserta,
944 1730 1141 1763 adversum
1159 1739 1243 1771 que,
1264 1730 1352 1771 qnia
1369 1731 1507 1772 partim
1525 1731 1563 1762 in
1581 1731 1767 1772 querimo-

133 1787 194 1819 nie
211 1795 294 1820 mee
312 1786 476 1826 scedula,
496 1787 633 1829 partim
650 1787 689 1819 in
707 1786 851 1826 libello,
870 1787 933 1828 qui
950 1785 1230 1830 Antiyraphmn
1248 1785 1352 1819 Petri
1367 1787 1517 1826 dicitur,
1543 1787 1607 1828 qui
1625 1788 1660 1819 et
1677 1787 1769 1827 jam-

131 1841 271 1874 dudum
288 1841 393 1874 vobis
411 1841 559 1875 oblatus
576 1842 632 1874 est
649 1841 932 1881 examinandus,
951 1841 1187 1874 sufficienter
1200 1841 1431 1883 disputatum
1448 1842 1514 1873 est.
1536 1841 1610 1873 Uni
1625 1842 1770 1874 tantum

131 1897 229 1939 quod
254 1896 376 1930 adhuc
399 1897 549 1930 videtur
573 1897 767 1936 intactum,
791 1897 1084 1939 expugnationis
1109 1897 1270 1929 arietem
1289 1896 1483 1936 admoveO,
1512 1898 1550 1930 et
1577 1897 1658 1937 ejus
1684 1905 1768 1938 ope,

131 1953 237 1994 cujus
254 1952 447 1985 infirmum
470 1952 606 1985 fortius
624 1954 680 1985 est
697 1951 925 1991 hominibus,
946 1952 984 1984 in
1002 1961 1041 1985 se
1062 1952 1143 1993 ipso
1161 1951 1335 1984 collisum
1354 1961 1426 1984 non
1441 1952 1518 1984 tam
1531 1951 1640 1983 diruo
1659 1961 1769 1992 quam

131 2008 298 2040 dirutum
323 2007 490 2040 ostendo.
510 2006 577 2040 Est
600 2011 726 2040 autem
754 2006 837 2046 hoc,
864 2008 905 2039 ut
936 2007 1177 2046 sententiam,
1204 2007 1235 2039 si
1261 2016 1333 2039 non
1360 2007 1476 2040 verba
1494 2009 1767 2048 representem,

131 2062 230 2104 quod
247 2061 451 2096 celebratio
480 2062 692 2102 missarum,
717 2071 784 2103 que
801 2063 898 2095 feria
923 2063 1087 2095 secunda
1106 2071 1175 2104 per
1200 2061 1370 2104 singulas
1388 2062 1614 2096 ebdomadas
1639 2061 1714 2094 illis
1731 2063 1769 2094 in

133 2117 303 2160 partibus
327 2127 394 2159 pro
413 2117 677 2150 defunctorum
702 2118 834 2159 requie
861 2118 944 2150 fieri
973 2119 1231 2156 consueverat,
1257 2117 1515 2159 predicatione
1540 2127 1624 2151 mea
1643 2127 1769 2159 repre-

129 2172 307 2206 hensibili
323 2174 399 2215 jam
415 2182 510 2215 pene
525 2173 717 2207 defecerit.
729 2174 998 2216 Respondeant
1013 2174 1132 2216 igitur
1146 2173 1237 2205 mihi
1254 2174 1364 2206 amici
1380 2174 1453 2206 mei
1468 2177 1505 2207 et
1519 2174 1680 2216 proximi
1696 2183 1769 2215 mei

129 2229 327 2261 adversum
340 2237 399 2262 me
413 2229 770 2271 appropinquantes,
788 2232 825 2262 et
839 2238 950 2270 quam
963 2229 1151 2262 voluerint
1170 2230 1318 2270 partem
1336 2230 1430 2270 ejus,
1457 2230 1555 2270 quod
1585 2229 1655 2261 sibi
1685 2239 1768 2271 pro-

126 2284 290 2326 ponitur,
309 2283 464 2326 eligant.
485 2284 621 2317 Sanam
636 2285 805 2325 Judicant
820 2284 1031 2317 doctrinam
1051 2293 1175 2317 meam
1197 2285 1234 2316 in
1249 2284 1317 2317 hac
1337 2288 1444 2326 parte
1459 2293 1505 2317 an
1521 2294 1594 2316 non
1612 2293 1741 2317 sanam
1757 2287 1767 2317 ζ

127 2337 164 2371 Si
187 2347 330 2377 sanam,
356 2347 471 2379 quare
496 2338 805 2380 reprehendunt?
831 2338 868 2371 Si
895 2348 969 2371 non
995 2347 1137 2378 sanam,
1165 2347 1282 2379 quare
1309 2339 1525 2371 custodiunt
1539 2341 1551 2372 ’ἐ
1578 2339 1768 2380 Numquid

127 2392 286 2435 quilibet
310 2393 355 2426 de
384 2393 536 2435 populo,
561 2399 602 2425 ut
626 2393 767 2433 dicunt,
794 2403 816 2426 a
841 2403 899 2427 me
925 2394 1080 2426 reducto
1113 2394 1245 2426 missas
1262 2392 1456 2427 celebrare
1481 2396 1767 2435 consueverant,

127 2457 219 2490 quas
235 2457 257 2481 a
270 2457 328 2481 me
346 2448 492 2490 decepti
511 2448 620 2481 modo
636 2448 831 2491 negligant
845 2448 1062 2482 celebrare?
1079 2448 1248 2482 Minime.
1265 2448 1389 2486 Quare
1419 2457 1511 2491 ergo
1541 2450 1766 2492 presbyteri,

127 2503 262 2544 quibus
279 2502 370 2535 solis
387 2503 606 2535 conceditur
625 2502 744 2535 libere
763 2503 895 2536 missas
911 2503 1118 2542 celebrare,
1135 2503 1235 2544 quod
1255 2512 1313 2535 me
1335 2503 1432 2536 male
1451 2503 1622 2537 docuisse
1641 2505 1766 2537 crimi-

129 2561 278 2598 nantur,
296 2562 427 2591 contra
439 2559 495 2590 sui
514 2558 682 2600 ipsorum
707 2559 932 2591 sententiam
957 2559 1123 2591 deterius
1148 2560 1431 2599 exsequuntur?
1456 2559 1505 2590 At
1531 2559 1561 2590 si
1592 2559 1767 2591 subtilius

127 2616 259 2646 contra
285 2613 354 2646 hec
371 2613 563 2655 disputare
584 2612 785 2654 voluerint,
804 2616 943 2654 quanto
970 2614 1091 2656 magis
1116 2623 1156 2646 sc
1175 2614 1338 2646 invicem
1373 2617 1597 2656 argumenta
1614 2625 1766 2647 concus-

125 2669 257 2708 serint,
275 2670 378 2701 tanto
397 2669 518 2711 magis
534 2669 698 2701 avaricie
715 2671 752 2701 et
769 2669 849 2711 ejus
879 2669 1014 2702 ancille
1041 2669 1256 2702 ambitionis
1283 2670 1409 2701 fucata
1439 2669 1627 2711 ingluvies
1654 2679 1762 2712 appa-

131 2723 251 2756 rebat.

174 2778 284 2812 Patet
297 2787 402 2821 ergo,
418 2779 586 2820 profecto
597 2780 712 2821 patet,
727 2780 837 2820 quod,
850 2780 1027 2821 quoniam
1041 2780 1160 2821 gratis
1175 2779 1450 2812 absconderunt
1464 2779 1555 2812 mihi
1571 2781 1766 2813 interitum

128 2831 252 2874 laquei
282 2834 352 2872 sui,
384 2835 506 2876 captio
535 2843 646 2875 quam
679 2834 963 2872 absconderant,
998 2834 1247 2876 apprehendit
1274 2843 1349 2867 eos.
1377 2834 1425 2867 Et
1453 2845 1525 2867 non
1562 2836 1764 2868 immerito.

128 2887 403 2922 Retribuebant
427 2889 528 2923 enim
546 2889 637 2921 mihi
664 2888 762 2922 mala
779 2899 846 2931 pro
872 2890 978 2922 bonis
1002 2889 1183 2922 etodium
1208 2898 1274 2930 pro
1299 2889 1502 2923 dilectione
1520 2899 1613 2923 mea.
1644 2891 1762 2924 Benc-

129 2943 249 2976 dictus
277 2944 403 2985 itaque
437 2943 627 2983 Dominus,
661 2945 724 2985 qui
758 2954 830 2977 non
848 2945 950 2977 dedit
984 2954 1041 2977 mc
1070 2945 1106 2976 in
1131 2945 1304 2986 captione
1332 2945 1506 2978 dentibus
1535 2955 1678 2985 corum,
1703 2947 1767 2979 scd

130 3000 292 3033 animam
316 3009 438 3034 meam
456 3001 597 3042 eripuit
614 3001 659 3033 de
678 2999 812 3041 laqueo
831 3001 1059 3034 venantium.
