2050 3470
803 249 942 284 ANNO
970 250 1056 284 1420
1673 259 1736 292 241

97 363 276 405 suscepit,
305 363 344 396 et
371 362 417 395 ab
448 360 852 395 excommunicationis
880 362 1070 395 sentent-ia
1097 362 1135 395 et
1161 361 1246 404 alijS
1271 364 1440 397 censuris
1457 364 1739 411 ecclesiasticis,

98 419 234 460 quibus
247 418 450 452 tenebatur
474 418 691 457 adstrictus,
709 417 766 449 sui
785 417 929 450 ordinis
945 417 1116 460 regulari
1133 419 1370 452 correctione
1388 421 1558 462 excepta,
1577 422 1743 457 absoluit

97 475 136 508 et
163 473 418 507 communioni
451 472 611 506 ecclesie
643 473 792 515 prefate
822 472 1099 515 reconciliauit,
1131 473 1292 515 sibique,
1325 475 1356 507 si
1388 476 1637 517 penitentiam
1669 479 1742 512 sibi

96 529 306 563 iniunctam
330 529 537 562 salubriter
553 529 761 571 peregerit,
792 529 1094 561 misericorditer
1117 529 1287 572 rigorem
1302 530 1398 572 juris
1416 532 1686 575 attemperans,
1703 537 1744 568 vt

97 583 266 617 inclusus
282 593 352 625 per
369 584 462 615 duos
481 593 598 616 annos
615 583 814 616 continuos
831 584 870 616 in
888 584 998 616 domo
1016 584 1178 617 Metensi
1197 585 1365 618 eiusdem
1383 587 1527 620 ordinis
1541 587 1744 622 heremita-

97 648 183 672 rum
200 640 320 672 sancti
337 640 556 682 Augustini,
574 640 612 672 et
628 638 731 671 illius
748 640 869 672 totum
887 640 1070 672 ambitum
1084 649 1152 681 pro
1170 641 1387 673 carceribus
1401 643 1625 686 assignauit,
1641 646 1744 677 omni

97 694 350 728 collocutione
375 696 413 728 et
431 696 772 729 communicatione
797 706 1120 738 quorumcumque
1145 697 1329 730 laicorum
1355 698 1422 730 sub
1439 700 1546 740 penis
1571 701 1742 741 prefatis,

97 761 189 793 quas
203 752 284 794 ipso
298 752 399 784 facto
414 760 500 784 eum
517 752 714 784 incurrere
731 752 863 792 voluit,
882 752 1032 793 penitus
1049 753 1265 786 interdicta.

141 807 323 841 Decreuit
351 807 526 848 denique,
557 807 744 839 concessit
760 808 800 840 et
822 807 989 848 injunxit
1005 809 1179 841 omnibus
1196 810 1234 842 et
1258 809 1420 852 singulis
1443 810 1602 852 prelatis
1627 811 1747 846 eccle-

98 864 260 898 siasticis
277 863 343 896 aut
355 862 449 895 alias
461 863 766 904 J'urisdictionem
779 862 1077 896 ecclesiasticam
1090 863 1330 905 habentibus,
1345 866 1383 898 in
1398 875 1558 907 quorum
1571 867 1746 908 jurisdic-

97 920 200 953 tione
219 919 341 951 dictus
353 916 530 950 Nicolaus
547 918 723 959 repertus
740 918 869 958 fuerit,
889 919 989 959 quod
1006 917 1128 961 illum,
1144 919 1175 951 si
1188 920 1322 953 contra
1337 921 1523 962 premissa
1540 921 1597 955 vel
1613 931 1746 955 eorum

97 974 251 1015 aliquod
276 973 576 1015 attemptauerit,
601 973 710 1014 juxta
726 973 941 1006 sanctiones
954 974 1167 1015 canonicas,
1186 976 1485 1018 quibuscumque
1502 986 1578 1010 non
1596 978 1745 1011 obstan-

96 1030 212 1070 tibus,
237 1029 430 1072 punirent.
451 1028 489 1061 Si
514 1037 603 1061 vero
621 1028 743 1061 dictus
772 1028 953 1062 Nicolaus
978 1029 1393 1072 anathematizationes,
1419 1033 1691 1067 detestationes
1709 1035 1747 1067 et

97 1086 362 1119 reuocationes
390 1084 609 1117 huiusmodi
637 1084 875 1117 recusauerit
891 1084 949 1118 vel
977 1086 1092 1118 etiam
1117 1086 1333 1129 neglexerit
1360 1088 1584 1131 adimplere,
1603 1091 1642 1122 et
1658 1089 1747 1123 huic

97 1141 284 1175 sententie
308 1149 445 1183 parere
474 1140 764 1182 subterfugerit,
790 1140 913 1181 ipsum
932 1142 1123 1182 tamquam
1141 1143 1376 1184 pertinacem
1392 1143 1605 1178 hereticum
1623 1147 1749 1179 actua-

97 1196 188 1230 liter
223 1197 510 1240 degradandum
533 1196 572 1229 et
605 1196 820 1229 exuendum
851 1196 891 1228 in
926 1197 1050 1229 forma
1085 1197 1245 1231 ecclesie
1263 1199 1365 1231 omni
1384 1200 1517 1233 ordine
1553 1202 1591 1234 et
1625 1202 1747 1244 gradu

99 1252 358 1287 ecclesiastico
375 1253 414 1286 et
430 1251 587 1286 brachio
601 1252 765 1285 seculari
778 1252 1071 1293 relinquendum
1089 1254 1171 1286 sore
1186 1255 1410 1288 declarauit.

142 1309 392 1342 Postmodum
405 1317 510 1349 vero,
527 1317 612 1340 cum
625 1308 671 1340 ab
685 1308 888 1349 aliquibuS,
903 1309 1106 1350 presertim
1120 1312 1434 1351 procuratoribus
1451 1312 1748 1355 predicatorum,

97 1364 301 1404 minorum,
330 1364 492 1406 predicti
517 1363 791 1396 heremitarum
820 1364 940 1396 sancti
968 1365 1172 1407 Augustini
1201 1366 1239 1398 et
1256 1366 1365 1399 beate
1394 1367 1514 1400 Marie
1543 1368 1589 1400 de
1618 1368 1747 1401 Monte

101 1420 288 1454 Carmelio
304 1420 493 1459 ordinum,
508 1419 546 1451 in
560 1419 735 1452 Romana
748 1419 854 1452 curia
867 1420 957 1452 tunc
969 1421 1224 1461 presentibus,
1239 1431 1286 1454 an
1300 1423 1489 1456 sententia
1501 1423 1583 1464 ipsa
1599 1425 1748 1458 mature

96 1477 134 1510 et
149 1477 250 1518 juste
267 1476 400 1509 contra
423 1476 567 1508 dictum
591 1474 791 1508 Nicolaum
808 1474 886 1508 lata
909 1475 1115 1508 hesitatum
1132 1477 1244 1518 foret,
1264 1487 1332 1510 1105
1350 1478 1488 1511 dilecto
1507 1478 1586 1511 filio
1613 1481 1744 1512 nostro

95 1532 275 1572 Antonio,
312 1530 415 1564 tituli
455 1531 584 1564 sancte
620 1530 790 1564 Susanne
828 1531 1053 1573 presbytero
1090 1533 1288 1573 cardinali,
1322 1534 1593 1574 commisimus,
1630 1535 1669 1566 vt
1701 1536 1747 1568 de

97 1588 288 1621 sententia
314 1587 397 1629 ipsa
414 1595 660 1629 cognoscem,
686 1585 860 1629 legitime
878 1596 961 1619 eam
979 1588 1224 1621 confirmaret
1247 1588 1307 1622 vel
1325 1590 1552 1630 infirmaret,
1570 1591 1684 1631 prout
1701 1591 1747 1623 (16

95 1644 181 1685 jure
195 1643 296 1676 foret
313 1642 543 1675 faciendum.
557 1641 740 1682 Idemque
754 1641 971 1682 cardinalis,
991 1643 1037 1675 ad
1054 1644 1314 1684 predictorum
1331 1646 1370 1677 et
1386 1645 1557 1687 magistri
1575 1646 1749 1687 Symonis

98 1697 332 1739 Bowehoux,
361 1697 621 1730 archidiaconi
649 1697 810 1730 ecclesie
828 1696 1114 1739 Cauallicensis,
1145 1698 1323 1741 bacalarij
1357 1700 1395 1732 in
1428 1701 1605 1741 (16016115,
1635 1710 1748 1734 031156

97 1754 315 1787 111111151110(11
332 1753 552 1795 specialiter
568 1753 739 1795 deputati
756 1754 1028 1796 procuratoris,
1043 1755 1281 1796 instanciam,
1299 1756 1413 1797 prout
1426 1756 1558 1799 vigore
1576 1757 1749 1789 commis-

97 1810 216 1843 sionis
228 1809 445 1842 huiusmodi
458 1810 620 1850 poterat,
635 1809 675 1842 in
688 1808 905 1842 huiusmodi
920 1819 1033 1842 causa
1045 1811 1254 1851 precedens
1268 1810 1454 1854 legitime,
1469 1812 1559 1844 visis
1573 1812 1748 1845 omnibus

97 1867 136 1899 et
167 1865 328 1908 singulis
357 1865 522 1897 actitatis
550 1866 587 1898 61
604 1864 744 1898 habitis
771 1865 811 1897 in
840 1874 954 1898 031153
981 1865 1211 1908 huiusmodi,
1241 1865 1394 1907 illisque
1426 1876 1511 1900 cum
1548 1866 1749 1909 diligentia

95 1921 296 1954 recensitis
328 1921 367 1953 et
394 1920 633 1960 examinatis,
663 1929 707 1953 ac
734 1920 865 1954 habito
895 1930 1010 1963 super
1033 1920 1106 1963 hiJ‘s
1136 1931 1222 1954 cum
1249 1922 1531 1955 venerabilibus
1562 1923 1747 1955 fratribus

96 1976 237 2009 nostris
252 1976 367 2009 Petro
393 1975 680 2017 archiepiscopo
699 1975 886 2017 Cretensi,
906 1976 1138 2009 Gundisaluo
1156 1977 1406 2018 Astoricensi,
1425 1976 1572 2010 Thema
1583 1978 1747 2021 Viginti-

95 2031 262 2064 miliensi
275 2030 474 2072 episcopis,
494 2032 533 2064 et
550 2030 699 2063 dilectis
716 2030 806 2063 filiis
822 2031 1008 2073 magistro
1026 2031 1247 2064 Hermanno
1266 2032 1419 2074 Dwerg‚
1437 2032 1586 2065 notario
1602 2034 1745 2072 nostro,

96 2085 269 2127 Nicolao,
279 2086 414 2120 abbate
428 2086 647 2127 monasterij
663 2086 784 2119 sancti
797 2086 1100 2129 Wandregisilij,
1111 2088 1148 2120 et
1161 2087 1356 2130 magistris
1372 2088 1516 2121 Jacobo
1530 2087 1745 2130 Morestinj,

95 2142 119 2176 ,J
123 2141 272 2175 ohanne
289 2142 336 2175 de
353 2142 528 2181 Fabrica,
545 2141 568 2174 J
572 2141 721 2175 ohanne
740 2142 977 2185 Gundisalui,
995 2142 1203 2184 capellanis
1228 2143 1380 2184 nostris,
1396 2152 1595 2176 causarum
1612 2143 1746 2185 palatii

97 2197 296 2239 apostolici
309 2196 560 2236 auditoribus,
574 2196 597 2230 J
601 2196 751 2230 ohanne
768 2197 814 2230 de
832 2197 1084 2231 Francfordia
1097 2199 1135 2231 et
1152 2198 1324 2231 Conrado
1339 2199 1385 2231 de
1399 2198 1538 2232 Susaco
1553 2199 1591 2231 61
1607 2198 1692 2231 31115
1705 2199 1745 2231 111

97 2253 230 2286 eadem
265 2252 461 2295 theologia
490 2254 528 2285 et
555 2253 714 2294 Vtroque
729 2253 816 2295 jure
852 2254 1073 2286 doctoribus
1098 2256 1137 2287 et
1171 2255 1305 2296 peritis
1333 2254 1491 2287 consilio
1516 2255 1679 2295 maturo,
1698 2255 1745 2288 de

96 2308 252 2341 illorum
280 2307 438 2340 consilio
464 2309 502 2341 et
530 2317 700 2349 assensu,
718 2317 787 2350 per
804 2318 911 2341 suam
940 2309 1183 2342 diffinitiuam
1207 2310 1436 2342 sententiam
1462 2310 1743 2352 pronunciauit,

98 2365 269 2398 decreuit
283 2365 321 2397 et
337 2363 549 2397 declarauit
561 2373 630 2405 per
644 2365 820 2397 eumdem
833 2364 1091 2406 patriarcham
1104 2365 1143 2397 in
1158 2374 1271 2398 causa
1288 2365 1504 2398 huiusmodi
1517 2365 1613 2397 bene
1627 2365 1744 2398 fuisse

97 2421 135 2453 et
149 2429 231 2453 esse
245 2428 479 2461 processum,
495 2419 769 2452 sententiatum
783 2420 820 2452 et
834 2419 1051 2461 diffinitum,
1066 2420 1260 2461 ipsiusque
1274 2420 1502 2453 sententiam
1515 2420 1745 2453 antedictam

97 2475 396 2508 confirmandam
419 2475 516 2516 fore,
535 2475 573 2508 et
589 2475 843 2516 confirmauit,
860 2475 1044 2516 illamque
1068 2476 1284 2508 executioni
1301 2476 1427 2509 debite
1445 2476 1745 2508 demandandam

95 2532 194 2573 fore,
213 2532 250 2565 et
267 2531 524 2571 demandauit,
543 2531 657 2572 prout
681 2531 720 2563 in
737 2531 1001 2564 instrumentis
1025 2531 1187 2573 publicis
1204 2532 1292 2564 inde
1310 2531 1506 2574 confectis,
1524 2532 1746 2565 eorumdem

98 2586 303 2620 cardinalis
320 2588 359 2620 et
375 2586 594 2628 patriarche
609 2585 748 2629 sigillis
764 2587 934 2628 munitis,
950 2587 1090 2619 dicitur
1102 2587 1252 2629 plenius
1270 2587 1469 2620 contineri.

141 2643 220 2676 Nos
250 2643 379 2684 itaque
411 2642 630 2675 huiusmodi
658 2642 840 2675 articulos
873 2643 911 2676 et
945 2643 1175 2676 assertiones
1207 2642 1356 2676 Nicolai
1391 2642 1553 2684 predicti
1592 2643 1744 2684 penitus

97 2698 294 2741 cupientes
310 2698 508 2740 extirpari,
534 2698 754 2731 discretioni
771 2700 895 2731 vestre
924 2708 993 2740 per
1016 2699 1225 2740 apostolica
1253 2698 1394 2740 scripta
1419 2698 1688 2731 committimus
1706 2699 1744 2731 et

98 2755 334 2795 mandamus,
368 2756 554 2797 quatenus
581 2763 646 2786 vos
678 2755 717 2787 et
748 2753 909 2796 quilibet
935 2755 1116 2796 vestrum,
1150 2763 1219 2796 per
1246 2763 1286 2787 se
1319 2753 1378 2787 vel
1407 2753 1523 2786 alium
1555 2763 1621 2787 seu
1649 2753 1745 2786 alios

98 2811 266 2852 prefatas
295 2810 502 2844 sententias
535 2809 751 2843 executioni
791 2809 918 2843 debite
959 2810 1243 2850 demandantes,
1283 2808 1444 2852 illasque
1481 2810 1518 2842 et
1548 2810 1745 2851 presentes

98 2864 248 2899 litteras
260 2866 300 2898 in
317 2866 537 2899 ciuitatibus
551 2866 589 2898 et
606 2865 818 2899 diocesibus
842 2866 1003 2907 prefatis
1021 2874 1064 2898 ac
1081 2864 1174 2897 locis
1192 2865 1246 2899 eis
1262 2861 1394 2898 vicinis
1412 2866 1450 2898 et
1467 2864 1558 2897 alibi
1575 2864 1743 2903 vbilibet,

98 2920 161 2953 vbi
192 2921 299 2953 vobis
334 2921 527 2954 videbitur
558 2921 752 2963 expedire,
790 2921 1017 2955 auctoritate
1053 2921 1184 2954 nostra
1219 2920 1442 2954 solemniter
1476 2919 1678 2962 publicetis
1709 2921 1748 2953 et

99 2974 288 3018 publicari
301 2976 463 3018 faeiatiS,
479 2985 522 3010 ac
534 2977 725 3019 prefatum
739 2976 955 3020 Nicolaum,
969 2976 1000 3009 si
1013 2976 1184 3018 predicte
1198 2975 1385 3010 sententie
1399 2975 1517 3018 ipsius
1530 2974 1747 3018 patriarche

1618 3037 1658 3069 16
