2050 3470
288 284 353 317 220
971 277 1108 312 ANNO
1139 277 1224 311 1418

332 395 431 436 xviij.
453 393 616 427 Peccant
633 392 697 433 qui
725 391 879 434 propria
906 399 973 423 sua
999 390 1195 432 resignant
1223 398 1298 422 non
1315 387 1501 421 intrantes
1526 386 1754 430 religionem
1782 395 1925 430 appro-

287 452 423 484 batam.
443 449 556 482 Ratio
586 449 642 480 est
658 447 864 480 secundum
881 454 980 485 eum,
999 446 1088 487 quia
1103 444 1374 487 religiosorum
1404 444 1461 476 est
1489 451 1619 475 carere
1643 442 1810 484 proprio,
1829 443 1927 476 sicut

287 504 520 539 secularibus
537 506 593 536 est
608 502 860 535 necessarium
875 501 1041 533 retinere
1059 500 1267 541 proprium.

331 560 405 592 xix.
434 559 517 591 Non
549 557 639 590 licet
669 556 902 598 presbyteris
935 556 972 588 et
1004 554 1155 587 clericis
1191 561 1431 586 communem
1462 552 1578 585 vitam
1613 552 1752 585 ducere
1782 552 1855 585 nisi
1885 552 1926 586 in

286 615 473 657 religione
487 613 695 655 approbata
712 612 778 644 sub
797 620 895 653 pena
908 610 1054 652 peccati
1072 608 1257 642 mortalis.

330 680 390 702 xx.
411 669 570 701 Peccant
587 676 716 699 omnes
734 667 797 707 qui
815 667 946 698 fouent
963 664 1120 697 consilio
1139 666 1177 698 et
1203 663 1344 697 auxilio
1363 671 1599 696 communem
1615 663 1731 695 vitam
1747 663 1927 697 ducentes

286 732 393 758 extra
410 723 636 765 religionem
654 722 914 763 approbatam.

330 779 405 820 xxj.
422 777 746 811 Exconimunicati
761 778 847 809 sunt
861 783 991 808 omnes
1005 783 1242 808 communem
1256 774 1371 807 vitam
1388 774 1567 806 ducentes
1581 773 1688 806 extra
1700 772 1928 816 religionem

284 834 541 876 approbatam.

328 889 417 930 xxij.
445 889 567 927 Quare
592 886 769 919 similiter
786 885 1101 919 excommunicati
1131 886 1217 918 sunt
1233 884 1305 926 illi,
1336 884 1400 926 qui
1418 884 1534 917 vitam
1562 892 1802 917 communem
1818 885 1928 918 extra

284 944 510 986 religionem
539 943 785 984 approbatam
814 941 1037 973 ducentibus
1070 941 1231 982 prebent
1256 939 1506 981 elemosynas,
1526 940 1564 972 et
1587 939 1652 981 qui
1677 938 1772 972 tales
1795 940 1928 973 fouent

283 998 441 1032 consilio
470 1000 507 1031 et
536 996 679 1030 auxilio
699 996 755 1029 vel
787 996 1019 1034 defensione,
1050 994 1228 1027 similiter
1257 995 1357 1027 stant
1387 995 1425 1026 et
1452 994 1602 1026 suntin
1627 994 1726 1027 statu
1743 995 1926 1036 perpetue

284 1053 536 1086 damnationis
576 1053 613 1084 et
653 1052 725 1084 nisi
761 1052 807 1084 de
846 1051 1062 1084 huiusmodi
1099 1060 1231 1084 eorum
1270 1050 1485 1083 excessibus
1523 1058 1662 1092 magna
1699 1050 1924 1084 contritione

282 1108 529 1151 penituerint‚
549 1108 594 1140 ad
613 1109 729 1141 vitam
746 1109 918 1140 eternam
936 1116 1010 1139 non
1035 1108 1193 1148 possunt
1206 1106 1410 1148 peruenire
1435 1113 1557 1146 neque
1575 1105 1671 1138 salui
1687 1114 1925 1147 permanere.

332 1164 438 1205 xxiij.
458 1163 596 1196 Omnes
627 1164 742 1196 vitam
759 1171 997 1194 communem
1015 1162 1194 1194 ducentes
1209 1162 1317 1193 extra
1333 1160 1561 1202 religionem
1579 1161 1826 1202 approbatam
1841 1160 1929 1193 sunt

282 1218 340 1251 illi
358 1228 379 1251 a
407 1218 543 1260 quibus
568 1217 742 1251 Saluator
770 1218 899 1249 noster
926 1217 1090 1258 precipit
1118 1225 1200 1248 esse
1228 1215 1495 1248 abstinendum
1524 1216 1562 1248 et
1586 1216 1766 1256 tanquam
1783 1214 1927 1248 afalsis

283 1273 479 1315 prophetis
497 1273 779 1305 attendendum.

329 1328 450 1369 xxiiij.
470 1327 637 1366 Quilibet
653 1328 797 1361 faciens
811 1328 943 1361 contra
967 1327 1052 1360 iura
1069 1327 1250 1360 canonica
1267 1328 1398 1369 peccat
1415 1326 1640 1360 mortaliter.

326 1393 410 1415 xxv.
430 1383 562 1416 Nullus
579 1392 738 1425 corpore
762 1383 909 1416 validus
939 1384 1080 1424 absque
1099 1383 1290 1415 communi
1315 1382 1481 1415 utilitate
1499 1383 1536 1415 et
1553 1383 1779 1416 necessitate
1802 1383 1929 1425 potest

285 1441 393 1472 extra
408 1448 517 1472 veras
534 1438 743 1481 religiones
769 1440 851 1472 sine
867 1440 1022 1481 peccato
1041 1438 1278 1480 elemosynas
1296 1437 1436 1470 Christi
1454 1437 1624 1470 fidelium
1641 1438 1791 1479 tollere,
1809 1439 1880 1472 etc.

630 1511 666 1544 J.
688 1511 734 1543 de
760 1512 915 1551 Gerson,
949 1510 1080 1553 Opera,
1099 1511 1183 1544 deel
1209 1510 1240 1550 Ι,
1266 1510 1336 1543 blz.
1361 1510 1401 1542 21
1427 1510 1458 1542 Y
1482 1519 1604 1551 verso,
1624 1510 1708 1544 1-21
1726 1510 1760 1543 Y
1782 1519 1890 1545 verso
1906 1510 1928 1544 2

678 1566 934 1608 (Nuremberg
949 1566 1058 1608 1489);
1075 1566 1162 1607 ook,
1172 1566 1290 1599 onder
1303 1567 1371 1599 (len
1386 1566 1468 1599 titel
1480 1576 1550 1599 van
1564 1566 1618 1599 De
1628 1565 1928 1600 rebusMatthaez·

679 1620 833 1654 Grabon
849 1620 1078 1654 dominicani
1101 1622 1191 1660 (met
1208 1621 1253 1654 de
1271 1621 1411 1654 andere
1428 1621 1592 1654 stukken
1609 1630 1680 1654 van
1698 1622 1754 1654 dit
1770 1621 1926 1665 geding)

678 1677 884 1719 afgedrukt
912 1677 960 1718 bij
990 1677 1036 1709 H.
1062 1687 1135 1709 von
1161 1677 1228 1709 der
1254 1677 1386 1715 Hardt,
1416 1676 1623 1710 Concilium
1647 1678 1926 1710 oecumenicum

676 1731 968 1771 Constantiense,
989 1731 1073 1765 deel
1104 1732 1174 1774 ΠΙ,
1193 1732 1263 1764 blz.
1284 1731 1439 1765 106-112.
1457 1750 1502 1756 -
1518 1732 1617 1766 Over
1639 1731 1705 1765 het
1721 1733 1830 1775 geval
1854 1742 1926 1766 van

677 1788 748 1819 den
766 1787 998 1829 predikheer
1015 1788 1188 1826 Grabow‚
1207 1788 1262 1819 zie
1281 1787 1451 1829 Delprat,
1482 1786 1536 1820 De
1560 1786 1830 1831 broederschap
1851 1797 1927 1821 van

684 1842 727 1876 G.
745 1843 888 1884 Groote,
901 1842 955 1874 21¹0
967 1843 1133 1885 11itgave‚
1149 1842 1217 1874 blz.
1238 1842 1356 1884 50-573
1372 1842 1437 1877 W.
1450 1842 1556 1884 Moll,
1573 1841 1928 1886 Kerkyeschiedenis

675 1908 750 1930 van
767 1896 998 1937 Nederland,
1018 1897 1101 1931 decl
1120 1898 1170 1937 II,
1189 1898 1243 1931 21¹0
1260 1898 1360 1939 stuk‚
1380 1897 1450 1931 blz.
1478 1898 1623 1932 168-169
1640 1909 1649 1940 ;
1668 1899 1837 1941 Acquoy,
1854 1898 1926 1932 Het

673 1952 835 1985 klooster
847 1957 880 1985 te
906 1951 1158 1985 VVindesheim
1175 1963 1220 1986 en
1237 1953 1318 1995 zijn
1335 1952 1495 1994 invloed,
1516 1953 1599 1987 deel
1616 1954 1648 1994 I,
1664 1953 1733 1986 blz.
1752 1953 1898 1987 236-237
1912 1964 1921 1997 ς

675 2009 757 2043 (leel
776 2009 826 2049 ΙΙ,
842 2009 912 2041 blz.
932 2009 994 2042 106
1012 2018 1058 2042 en
1074 2008 1151 2041 370.

962 2150 1061 2193 134
1086 2143 1253 2203 (2544).

344 2279 603 2323 Omstreeks
629 2281 750 2330 1418,
791 2278 1031 2322 Constanz.
1060 2277 1408 2332 Veroordeeling
1443 2290 1526 2320 van
1560 2275 1787 2320 Grabow's
1819 2291 1924 2320 aan-

278 2348 430 2391 klacht
473 2348 578 2390 door
622 2349 781 2390 Petrus
826 2347 878 2389 de
912 2347 1078 2389 Alliaco
1119 2345 1288 2404 (Pierre
1333 2346 1527 2403 d'Ailly),
1571 2346 1799 2389 kardinaal
1839 2360 1923 2390 van

279 2417 524 2475 Kamerijk.
558 2441 615 2448 —-
648 2417 716 2474 Hij
749 2415 923 2472 schrijft
955 2429 1039 2459 aan
1073 2416 1155 2458 den
1188 2415 1428 2458 Kardinaal
1473 2429 1559 2458 van
1606 2416 1796 2466 Verona,
1845 2415 1921 2459 dat

278 2500 395 2539 men,
422 2487 603 2542 volgens
635 2487 750 2534 hem,
788 2485 839 2527 de
874 2484 1193 2541 godgeleerden
1217 2498 1301 2527 van
1327 2485 1402 2527 het
1424 2484 1612 2528 Concilie
1635 2498 1714 2528 zou
1746 2487 1919 2528 moeten

280 2554 588 2613 bijeenroepen
622 2569 690 2597 om
735 2555 779 2597 in
803 2556 832 2598 ’t
867 2553 1087 2610 openbaar
1125 2553 1186 2596 dit
1225 2554 1463 2609 twistpunt
1505 2557 1549 2596 te
1593 2553 1915 2597 onderzoeken.

278 2625 536 2668 Intusschen
560 2623 678 2680 geeft
712 2624 771 2680 hij
797 2623 884 2680 zijn
909 2623 1035 2680 eigen
1069 2622 1244 2666 oordeel
1268 2636 1277 2665 :
1314 2622 1540 2665 Grabow’s
1575 2623 1810 2679 stellingen
1835 2622 1921 2679 ziJn

280 2693 523 2751 ongerijmd
568 2707 623 2735 en
666 2692 928 2745 kettersch;
980 2692 1266 2748 dienvolgens
1319 2695 1434 2735 moet
1477 2691 1529 2734 de
1580 2691 1917 2748 verhandeling,

280 2762 467 2805 waaruit
491 2762 544 2819 zij
571 2761 818 2818 getrokken
842 2761 946 2819 zijn,
971 2761 1252 2804 veroordeeld
1277 2760 1458 2804 worden
1481 2774 1534 2804 en
1558 2760 1922 2805 verbrand.Over

281 2834 362 2877 den
383 2834 597 2891 schrijver
615 2848 695 2877 zou
719 2833 875 2876 dienen
901 2833 1212 2888 beraadslaagd
1232 2837 1275 2875 te
1299 2832 1494 2876 worden.

325 2927 497 2970 Sequitur
513 2931 620 2959 tenor
641 2927 890 2969 responsionis
907 2925 1051 2959 domini
1066 2924 1271 2959 cardinalis
1299 2924 1585 2966 Cameracensis,
1614 2925 1659 2960 de
1690 2936 1764 2970 qua
1786 2935 1916 2970 supra.

325 2992 659 3027 Reuerendissime
696 2993 806 3036 pater
838 2992 876 3025 et
909 2991 1074 3025 domine.
1100 2991 1221 3035 Super
1245 2990 1398 3025 scedula
1427 3001 1596 3035 papyrea
1626 2991 1753 3036 sigillo
1787 2992 1912 3026 vestro
