2050 3470
306 311 371 345 246
1000 308 1137 343 ANNO
1163 307 1247 341 1422

310 423 511 456 collatione
525 421 714 465 diligenti,
728 420 943 454 huiusmodi
958 419 1236 462 transumptum
1255 420 1335 454 siue
1352 421 1567 463 exemplum
1583 420 1811 462 inuenimus,
1828 422 1943 464 prout

311 479 400 511 dicti
432 478 565 519 notarij
599 476 740 519 publici
771 476 1012 515 inuenerunt,
1047 484 1132 508 cum
1163 475 1301 509 litteris
1332 476 1370 509 et
1402 476 1652 510 instrumento
1691 476 1942 520 originalibus

311 533 527 567 memoratis
545 533 583 565 in
608 532 781 564 omnibus
805 532 843 564 et
865 540 933 572 per
961 530 1088 563 omnia
1111 531 1354 570 concordare,
1373 531 1425 563 nil
1443 532 1569 565 addito
1588 531 1647 565 vel
1665 533 1823 573 remoto,
1842 531 1941 574 quod

311 597 460 621 sensum
492 588 611 620 mutet
637 588 709 620 aut.
733 587 852 619 variet
882 585 1146 627 intellectum3
1183 586 1324 619 idcirco
1361 587 1407 619 ad
1440 587 1578 620 dictam
1613 588 1730 629 ipsius
1766 587 1940 630 magistri

310 643 508 677 Absalonis
525 641 850 684 supplicationem,
871 641 1021 674 nomine
1039 650 1111 682 quo
1130 650 1255 683 supra,
1275 642 1442 674 nostram
1459 643 1652 684 premissis
1677 643 1942 676 auctoritatem

312 699 540 731 ordinariam
557 698 669 738 atque
686 697 879 730 decretum
902 697 1199 737 interponentes
1217 697 1536 738 pronuntiandum
1554 697 1728 730 duximus
1753 699 1791 731 et
1816 697 1942 731 decer-

312 753 487 793 nendum,
526 752 887 795 pronuntiamusque
923 752 961 784 et
988 751 1223 784 decernimus
1246 752 1284 783 in
1314 750 1386 793 hijs
1418 752 1582 794 scriptis,
1608 752 1824 785 huiusmodi
1843 753 1943 786 tran·

313 810 460 850 sumpto
485 809 565 841 siue
587 807 759 849 exemplo
782 808 925 840 tantam
947 807 985 840 et
1012 807 1172 839 candem
1188 806 1300 840 fidem
1328 807 1620 850 imperpetuum,
1644 809 1721 841 tam
1737 807 1776 841 in
1802 807 1943 850 judicio

313 873 424 905 quam
441 864 559 903 extra,
577 862 827 896 adhibendam
843 863 925 895 fore
942 863 979 895 et
995 862 1167 895 adhiberi
1182 862 1333 902 debere,
1359 862 1455 895 sicut
1472 862 1582 895 dictis
1596 862 1737 896 litteris
1754 863 1793 896 et
1807 863 1945 896 instru-

314 918 440 950 mento
465 915 727 958 originalibus,
746 915 828 947 siin
844 914 985 956 judicio
1013 914 1071 947 vel
1096 914 1188 947 alibi
1217 913 1387 948 exhibite
1410 915 1536 948 forent
1551 914 1611 948 vel
1631 916 1793 948 ostense.
1811 915 1861 948 Et
1875 914 1948 949 hoc

315 969 487 1002 omnibus
503 970 541 1001 et
558 967 718 1010 singulis
745 977 905 1009 quorum
935 967 1094 1000 interest
1119 966 1178 1000 vel
1202 967 1390 1000 interesse
1419 968 1572 1009 poterit,
1602 967 1884 1009 quomodolibet
1907 967 1948 1002 in

315 1023 483 1055 futurum
500 1021 737 1054 notificamus
754 1029 822 1062 per
838 1021 1047 1061 presentes.

359 1078 402 1111 In
430 1085 589 1118 quorum
618 1075 785 1108 omnium
817 1076 855 1108 et
893 1075 1130 1117 singulorum
1171 1074 1283 1107 fidem
1322 1076 1360 1107 et
1387 1075 1646 1108 testimonium
1679 1075 1948 1118 premissorum

317 1132 530 1165 huiusmodi
557 1131 834 1172 transumptum
850 1139 916 1163 seu
945 1129 1159 1171 exemplum
1187 1129 1225 1162 in
1252 1130 1420 1171 presenti
1445 1130 1635 1164 volumine
1663 1131 1948 1172 quatuordecim

318 1187 410 1220 folia
433 1187 649 1220 continente
672 1186 866 1218 redactum
895 1185 979 1218 fieri
1007 1186 1045 1218 et
1072 1193 1140 1226 per
1167 1184 1284 1217 dictos
1309 1185 1476 1218 notarios
1500 1185 1670 1227 publicos
1694 1185 1852 1229 signari,
1866 1185 1948 1220 sub-

318 1243 432 1275 scribi
461 1243 498 1275 et
514 1241 700 1283 publicari
716 1241 873 1273 fecimus
899 1241 936 1274 et
960 1240 1234 1280 mandauimuS,
1254 1240 1448 1283 sigillique
1475 1240 1574 1274 sedis
1603 1240 1852 1275 Tornacensis
1875 1241 1950 1283 Jus-

319 1298 434 1331 simus
451 1297 677 1339 appensione
695 1296 847 1329 muniri.

364 1353 502 1386 Datum
515 1353 553 1385 et
570 1353 693 1385 actum
715 1352 755 1384 in
771 1351 872 1383 dicta
889 1350 1118 1383 Tornacensi
1135 1350 1253 1392 curia,
1273 1359 1369 1384 anno
1388 1351 1540 1383 Domini
1564 1350 1765 1384 millesimo
1779 1351 1954 1393 quadrin-

320 1408 529 1451 gentesimo
546 1407 719 1440 vicesimo
738 1407 873 1448 primo,
899 1406 1105 1439 indictione
1129 1406 1274 1439 decima
1298 1406 1442 1446 quinta,
1459 1406 1599 1439 mensis
1615 1415 1704 1440 vero
1721 1406 1880 1440 Januari
1893 1406 1955 1440 die

321 1463 499 1497 vicesima
515 1463 661 1503 octaua,
675 1462 916 1503 pontificatus
931 1461 1021 1493 dicti
1035 1461 1177 1493 domini
1195 1461 1313 1493 nostri
1330 1470 1426 1503 pape
1439 1470 1536 1494 anno
1555 1462 1699 1503 quinto,
1717 1462 1955 1504 presentibus

322 1517 600 1552 venerabilibus
624 1517 714 1550 viris
738 1517 931 1559 magistris
955 1517 978 1549 J
982 1516 1130 1549 ohanne
1147 1517 1193 1549 de
1209 1516 1335 1549 Malda
1350 1517 1389 1549 in
1407 1516 1578 1557 decretis,
1597 1516 1754 1551 Nicolao
1771 1517 1818 1550 de
1830 1516 1956 1551 Malda

323 1575 361 1606 in
375 1573 523 1616 legibus
537 1572 754 1614 licentiatis,
767 1572 1002 1614 presbiteris,
1017 1572 1222 1612 aduocatis,
1237 1571 1425 1605 Rollando
1444 1561 1641 1614 Boydin,'.J
1645 1571 1792 1606 ohanne
1805 1571 1954 1615 Musiel,

324 1629 475 1663 Nicasio
505 1628 704 1667 Piedanas,
732 1627 906 1661 Johanne
934 1627 1073 1667 Honin,
1102 1626 1248 1660 Mathia
1279 1627 1467 1660 Sandrard
1499 1628 1537 1660 et
1567 1627 1744 1661 Eustacio
1776 1627 1954 1669 SauarijS,

325 1683 486 1723 clericis,
505 1683 661 1725 notarijs
686 1683 785 1715 dicte
805 1681 1054 1716 Tornacensis
1071 1682 1175 1715 curie
1197 1682 1346 1723 juratis,
1371 1682 1530 1715 testibus
1546 1682 1594 1716 ad
1615 1682 1801 1725 premissa
1815 1682 1957 1716 vocatis

326 1739 543 1781 specialiter
569 1739 607 1771 et
634 1738 791 1780 rogatis.

370 1794 418 1827 Et
449 1803 519 1836 ego
553 1783 715 1826 Thomas
748 1793 937 1833 Griaume,
978 1792 1224 1826 Lexouiensis
1260 1793 1432 1835 diocesis,
1470 1793 1644 1835 publicus
1680 1792 1888 1835 apostolica
1921 1794 1960 1826 et

326 1848 517 1891 imperiali
541 1848 828 1881 auctoritatibus
856 1848 1035 1889 curieque
1063 1848 1288 1889 episcopalis
1316 1848 1566 1881 Tornacensis
1588 1848 1772 1890 notarius,
1800 1849 1839 1882 et
1861 1848 1961 1882 dicte

327 1905 431 1937 curie
455 1904 579 1937 scriba
591 1903 763 1946 juratus3
792 1903 892 1944 quia,
917 1904 1019 1936 facta
1034 1912 1103 1945 per
1118 1912 1178 1936 me
1202 1912 1286 1936 cum
1303 1904 1477 1937 discretis
1506 1904 1597 1936 viris
1625 1904 1782 1945 notarijs
1798 1902 1960 1946 publicis

328 1959 580 2001 infrascriptis
605 1959 651 1991 de
669 1959 838 2000 presenti
862 1959 1114 2000 transsumpto
1132 1959 1177 1992 ad
1201 1958 1349 1992 litteras
1374 1959 1580 2002 originales
1603 1959 1776 2001 superius
1800 1959 1961 1992 insertas

331 2014 532 2048 collatione
546 2014 734 2057 diligenti,
744 2013 959 2047 huiusmodi
972 2015 1270 2055 transsumptum
1282 2023 1367 2046 cum
1380 2015 1523 2048 eisdem
1535 2014 1673 2047 litteris
1687 2015 1725 2047 et
1736 2014 1961 2047 instrumen-

331 2071 379 2103 tis
409 2069 659 2112 originalibus
688 2070 728 2102 in
756 2070 928 2101 omnibus
953 2070 991 2102 et
1017 2078 1086 2111 per
1113 2069 1240 2102 omnia
1267 2069 1496 2102 concordare
1520 2069 1663 2111 inuenj‚
1688 2069 1742 2102 nil
1759 2069 1885 2102 addito
1901 2069 1960 2102 vel

331 2126 477 2159 remoto
494 2136 502 2166 3
520 2125 789 2166 premissisque
813 2125 985 2157 omnibus
1010 2125 1047 2158 et
1063 2124 1237 2167 singulis,
1262 2125 1350 2157 dum
1365 2124 1475 2157 modo
1499 2125 1709 2167 prescripto
1725 2133 1794 2166 per
1809 2133 1962 2158 venera—

332 2181 447 2213 bilem
475 2181 513 2213 et
536 2180 833 2221 circonspectum
856 2180 978 2212 virum
1002 2180 1193 2212 dominum
1222 2180 1422 2213 officialem
1447 2180 1724 2213 Tornacensem
1751 2179 1962 2222 predictum

333 2237 371 2269 et
387 2244 513 2268 coram
530 2244 575 2268 eo
593 2236 798 2277 agerentur
814 2235 1104 2277 dicerenturque
1122 2236 1160 2268 et
1176 2235 1324 2275 fierent,
1343 2244 1501 2268 vnacum
1517 2235 1789 2276 prenominatis
1805 2234 1964 2267 testibus

333 2300 488 2333 presens
515 2291 582 2329 fui,
612 2299 731 2331 eaque
763 2290 817 2323 sic
848 2290 933 2323 fieri
962 2290 1039 2322 vidi
1071 2291 1108 2323 et
1135 2290 1291 2332 audiui3
1324 2290 1465 2323 idcirco
1493 2290 1564 2322 hoc
1591 2299 1745 2331 presens
1772 2289 1965 2331 publicum

333 2347 625 2379 instrumentum
655 2355 721 2378 seu
750 2346 1046 2387 transsumptum
1082 2346 1275 2378 decretum
1303 2346 1341 2378 in
1373 2354 1413 2378 se
1451 2345 1661 2385 continens,
1692 2354 1806 2378 manu
1841 2344 1967 2378 aliena

334 2400 498 2434 fideliter
514 2401 708 2442 scriptum,
738 2400 784 2433 de
812 2400 903 2433 dicti
925 2400 1066 2433 domini
1095 2401 1268 2434 officialis
1295 2401 1471 2434 mandato
1500 2400 1660 2441 confeci,
1679 2400 1718 2434 et
1741 2409 1826 2433 cum
1853 2399 1964 2432 dictis

337 2457 493 2498 notarijs
525 2455 727 2498 publicaui,
759 2456 943 2499 signoque
973 2465 1057 2489 meo
1089 2456 1214 2498 solito,
1245 2465 1404 2490 vnacum
1438 2455 1555 2499 sigilli
1587 2455 1686 2500 sedis
1713 2455 1965 2488 Tornacensis

338 2511 579 2554 appensione,
605 2511 798 2554 signisque
815 2512 853 2544 et
869 2511 1207 2553 subscriptionibus
1231 2511 1418 2544 dictorum
1434 2511 1668 2544 notariorum
1694 2510 1886 2552 roboraui,
1903 2509 1966 2542 hic

338 2576 398 2600 me
414 2566 652 2600 subscribens
679 2575 792 2599 manu
819 2566 986 2609 propria,
1015 2566 1054 2599 in
1071 2567 1183 2599 fidem
1207 2567 1246 2600 et
1260 2566 1421 2600 validius
1450 2565 1708 2600 testimonium
1733 2565 1901 2599 omnium
1927 2565 1967 2598 et

339 2621 575 2664 singulorum
591 2622 874 2663 premissorum,
892 2621 1108 2663 specialiter
1124 2622 1340 2663 requisitus,

381 2677 430 2710 Et
446 2686 517 2720 ego
533 2676 727 2710 Johannes
755 2676 876 2716 Milot,
901 2676 1060 2710 clericus
1088 2677 1340 2711 Tornacensis
1356 2677 1539 2719 dyocesis,
1562 2676 1734 2719 publicus
1761 2674 1969 2718 apostolica

339 2733 378 2766 et
394 2731 582 2773 imperiali
609 2732 897 2765 auctoritatibus
924 2732 1102 2773 curieque
1133 2732 1356 2774 episcopalis
1389 2732 1638 2765 Tornacensis
1665 2731 1848 2770 notarius,
1866 2730 1968 2772 quia,

340 2788 439 2820 facta
465 2796 534 2828 per
561 2796 620 2819 me
648 2796 733 2819 cum
760 2787 932 2820 discretis
959 2787 1050 2820 viris
1078 2787 1234 2829 notarijs
1261 2787 1422 2828 publicis
1450 2796 1564 2828 supra
1592 2788 1631 2820 et
1654 2786 1906 2827 infrascriptis
1923 2786 1970 2818 de

340 2842 509 2883 presenti
547 2843 801 2884 transsumpto
841 2843 888 2875 ad
927 2841 1073 2875 litteras
1112 2841 1318 2885 originales
1357 2842 1530 2884 superius
1567 2842 1730 2875 insertas
1767 2840 1970 2874 collatione

342 2897 529 2939 diligenti,
554 2896 767 2929 huiusmodi
792 2898 1087 2939 transsumptum
1111 2906 1195 2930 cum
1220 2898 1362 2930 eisdem
1386 2897 1524 2930 litteris
1549 2898 1587 2931 et
1610 2896 1871 2930 instrumentis
1895 2895 1969 2928 ori-

342 2949 530 2991 ginalibus
554 2949 593 2982 in
619 2950 790 2983 omnibus
808 2950 846 2982 et
869 2958 937 2991 per
954 2950 1080 2983 omnia
1106 2950 1337 2983 concordare
1352 2950 1496 2989 inueni,
1515 2949 1567 2982 nil
1584 2950 1711 2983 addito
1728 2947 1790 2982 uel
1806 2949 1968 2987 remoto,

344 3004 610 3047 premissisque
627 3005 799 3038 omnibus
823 3005 861 3038 et
883 3004 1055 3049 singulis,
1082 3005 1170 3038 dum
1193 3005 1303 3038 modo
1331 3005 1540 3049 prescripto
1565 3013 1635 3049 per
1656 3003 1912 3039 venerabilem
1927 3003 1967 3038 et·
