2050 3470
279 244 346 277 410
977 243 1115 278 ANNO
1141 242 1226 276 1419

328 367 343 384 a
361 354 487 394 Lecta,
517 353 593 387 lata
617 354 655 386 et
682 353 720 385 in
745 352 895 395 scriptis
918 352 1160 395 promulgata
1186 353 1259 385 suit
1285 352 1355 386 hec
1378 361 1533 394 presens
1558 353 1686 387 nostra
1712 353 1912 388 diffinitiva

282 410 468 442 sententia
497 417 566 450 per
590 417 655 440 nos
682 408 927 449 Anthonium,
957 407 1202 447 cardinalem,
1228 408 1391 441 iudicem
1415 409 1454 441 et
1476 409 1775 442 commissarium
1791 411 1914 451 prefa-

281 468 372 503 tum,
402 464 600 497 Florcncic
632 463 668 495 in
698 463 870 495 domibus
898 465 1025 496 nostre
1051 463 1163 496 solite
1192 463 1416 503 rcsidcncie,
1447 464 1554 496 nobis
1590 464 1683 497 inibi
1708 464 1802 497 hora
1835 473 1913 498 ves-

280 528 457 561 perorum
489 521 668 551 consueta
696 519 741 551 ad
770 518 853 551 iura
885 518 1119 551 reddendum
1146 519 1185 551 in
1218 518 1300 551 loco
1336 520 1464 551 nostro
1493 518 1602 551 solito
1636 528 1705 560 pro
1732 519 1914 553 tribunali

279 575 508 614 sedentibus,
537 573 584 616 (1)
612 573 679 605 sub
719 582 816 605 anno
852 582 873 605 a
901 573 1098 605 nativitate
1123 573 1275 605 Domini
1306 573 1506 606 millesimo
1539 574 1912 616 quadringentesimo

280 629 425 662 decimo
444 638 554 668 nono,
574 628 778 661 indictione
795 628 1028 667 duodecima,
1055 628 1114 660 die
1140 628 1287 661 veneris
1308 628 1486 661 vicesima
1511 630 1617 661 sexta
1641 629 1782 661 mensis
1806 629 1913 669 Maii,

282 684 522 726 pontificatus
548 683 773 716 sanctissimi
802 683 840 714 in
869 682 1018 715 Christ-o
1046 683 1164 724 patris
1193 684 1234 716 et
1264 683 1405 715 domini
1441 683 1561 715 nostri
1593 683 1735 716 domini
1759 683 1915 716 Martini

282 748 378 781 pape
409 738 615 781 supradicti
639 746 738 770 anno
763 738 1214 779 secundospresentibus
1250 738 1392 771 ibidem
1416 738 1576 780 egregio
1605 737 1735 781 legum
1759 738 1914 772 doctore

282 794 477 837 Segebodo
495 794 541 826 de
565 793 768 826 Tremonia
791 794 828 825 ct
845 793 1018 826 discretis
1035 793 1125 824 viris
1143 793 1338 828 Bernardo
1356 793 1545 835 Werning
1557 794 1595 826 et
1611 793 1777 826 Henrico
1796 793 1913 827 Tenc-

281 850 388 889 toris,
402 849 550 882 clericis
567 848 727 880 diocesis
741 849 778 881 et
795 848 958 881 civitatis
975 848 1296 888 Monasteriensis‚
1316 849 1475 882 testibus
1499 849 1547 882 acl
1571 850 1755 890 premissa
1773 851 1916 883 vocatis

284 904 500 946 specialiter
524 905 562 936 et
585 903 741 945 rogatiS.
761 915 773 931 a

327 958 498 1002 [Signum
518 957 669 1001 notarii]
687 958 768 1000 Ego
786 958 1023 991 Hermannus
1043 957 1237 991 Lutkehus
1255 957 1316 1000 (2),
1335 958 1496 991 clericus
1511 959 1832 1000 Monastcriensis‚
1850 969 1914 1002 pu-

282 1015 400 1047 blicus
425 1013 631 1056 apostolica
654 1014 878 1045 auctoritate
907 1013 1076 1045 notarius
1101 1014 1411 1054 prefatorumque
1442 1015 1844 1048 reverendissimorum
1875 1016 1915 1048 in

281 1070 428 1103 Christo
446 1071 596 1111 patrum
624 1070 662 1100 ct
683 1068 922 1100 dominorum
939 1068 1200 1108 cardinalium,
1219 1068 1385 1101 iudicum
1403 1070 1441 1101 ct
1465 1069 1811 1102 commissariorum
1835 1080 1915 1103 suc-

279 1125 420 1159 cessive
447 1126 485 1156 in
514 1123 728 1156 huiusmodi
753 1132 866 1155 causa
883 1132 1011 1156 coram
1028 1123 1082 1156 cis
1110 1124 1247 1163 scriba,
1273 1124 1362 1165 quia
1386 1125 1571 1157 sententie
1595 1124 1809 1158 huiusmodi
1826 1134 1910 1166 pro-

279 1180 506 1223 mulgationi
547 1178 706 1219 aliisque
741 1178 946 1219 premissis,
971 1179 1060 1211 dum
1087 1181 1128 1211 ut
1151 1180 1356 1220 prefertur,
1382 1179 1518 1212 fierent
1540 1180 1578 1212 et
1605 1181 1822 1222 agerentur,
1841 1189 1916 1214 una

279 1245 363 1269 cum
382 1234 656 1277 prenominatis
678 1234 836 1266 testibus
853 1242 1009 1274 presens
1032 1234 1101 1274 fui,
1120 1234 1206 1266 ideo
1232 1233 1303 1265 hoc
1327 1233 1516 1275 publicum
1540 1234 1832 1268 instrumentum
1847 1244 1917 1277 per

282 1291 398 1325 alium
430 1289 607 1330 fideliter,
637 1298 697 1321 me
726 1288 811 1321 aliis
839 1290 1019 1330 occupato
1046 1289 1222 1331 negotiiS,
1253 1289 1434 1330 scriptum
1459 1289 1664 1331 subscripsi
1692 1291 1731 1322 et
1749 1290 1788 1322 in
1819 1289 1916 1323 hanc

281 1346 471 1389 publicam
488 1347 648 1378 formam
660 1343 793 1386 redegi
810 1344 994 1385 signoque
1012 1345 1049 1376 et
1062 1344 1212 1376 nomine
1227 1344 1320 1376 meis
1337 1343 1458 1376 solitis
1476 1345 1513 1377 et
1530 1345 1720 1377 consuetis
1734 1354 1810 1378 una
1826 1354 1912 1378 cum

282 1402 458 1444 prelibati
486 1400 628 1433 domini
667 1397 870 1431 cardinalis
908 1398 1205 1440 Aquilegiensis‚
1240 1398 1376 1431 iudicis
1415 1400 1453 1431 et
1492 1400 1753 1440 commissarii,
1793 1399 1912 1442 sigilli

279 1457 509 1499 appensione
535 1454 695 1498 signavi,
722 1455 877 1496 rogatus
902 1455 940 1487 et
966 1454 1173 1495 requisitus
1200 1454 1239 1486 in
1264 1454 1378 1487 fidem
1400 1455 1438 1487 et
1465 1455 1721 1488 testimonium
1746 1455 1914 1488 omnium

276 1512 558 1554 premissorum.
573 1509 619 1553 (3)

631 1574 889 1609 Stadsarchief
913 1575 949 1607 te
972 1573 1134 1614 Keulen,
1156 1573 1381 1608 Oorkonden
1406 1581 1444 1607 nr
1460 1574 1559 1616 9287,
1585 1574 1816 1618 (Origineele
1833 1576 1916 1609 acte

675 1639 721 1672 op
739 1629 977 1671 perkament‚
1002 1632 1080 1662 met
1104 1629 1168 1663 het
1191 1630 1327 1663 teeken
1353 1639 1424 1663 van
1449 1630 1520 1663 den
1537 1631 1679 1663 notaris
1696 1639 1743 1664 en
1756 1631 1802 1664 de
1820 1632 1917 1664 twee

673 1686 828 1726 sncden,
854 1694 1030 1718 waaraan
1047 1685 1113 1718 het
1130 1685 1370 1728 afhangende
1393 1685 1498 1728 zegel
1522 1685 1784 1728 vastgemaakt
1800 1686 1914 1728 was);

674 1740 878 1784 afgedrukt
896 1741 944 1781 bij
965 1741 1134 1773 Herman
1151 1740 1338 1780 Kcussen,
1363 1740 1440 1774 Der
1455 1739 1730 1774 Dominikaner
1755 1740 1914 1775 Grabow

671 1794 754 1829 und
777 1794 835 1828 die
857 1794 1008 1828 Bruder
1030 1805 1115 1828 vom
1137 1796 1416 1839 qemeinsamen
1428 1795 1563 1836 Leben,
1573 1796 1612 1828 in
1626 1796 1672 1829 de
1685 1794 1914 1829 Mittheilun-

671 1863 746 1895 yen
769 1861 840 1885 aus
865 1851 949 1885 dem
972 1850 1208 1885 Stadtarchz‘v
1232 1861 1304 1884 von
1328 1851 1441 1892 Kena,
1467 1852 1551 1884 deel
1577 1852 1684 1892 XIII,
1711 1852 1781 1884 blz.
1800 1850 1914 1885 33-47.

673 1907 850 1949 (Keulem
877 1907 989 1948 1887.)
1006 1926 1049 1929 —
1073 1907 1312 1950 Gaandeweg
1327 1907 1399 1948 zijn
1414 1907 1461 1948 bij
1479 1908 1551 1940 den
1569 1907 1668 1940 tekst
1682 1907 1721 1940 in
1738 1908 1852 1939 noten
1870 1907 1916 1939 de

673 1962 755 1996 vele
769 1963 912 2004 punten
925 1971 995 1995 van
1014 1961 1303 1995 overeenkomst
1320 1971 1390 1994 van
1408 1963 1463 1994 dit
1487 1962 1574 1994 stuk
1591 1962 1819 2004 aangestipt,
1838 1963 1916 1994 met

675 2019 816 2051 andere
834 2017 1012 2058 stuRken,
1030 2018 1091 2051 die
1115 2017 1322 2051 hierboven
1340 2018 1378 2050 in
1403 2017 1458 2050 dit
1475 2017 1557 2051 deel
1575 2018 1647 2059 zijn
1665 2026 1916 2060 opgenomen‚

672 2083 720 2107 en
736 2073 864 2106 vooral
881 2074 960 2107 met
983 2073 1028 2106 de
1053 2072 1264 2106 notarieele
1288 2073 1370 2106 acte
1402 2073 1440 2105 in
1467 2072 1558 2106 zake
1584 2072 1760 2105 Nicolaas
1788 2072 1918 2106 Serru-

672 2130 765 2171 rier,
795 2129 888 2161 door
912 2128 1134 2162 denzelfden
1162 2128 1307 2160 notaris
1341 2128 1381 2160 in
1409 2127 1578 2161 dczelt'de
1614 2128 1697 2161 stad
1733 2127 1917 2161 Florence

675 2184 811 2226 eenige
827 2184 1013 2216 maanden
1030 2182 1128 2216 later
1151 2182 1203 2226 (11
1230 2184 1319 2216 Dcc.
1339 2182 1437 2224 1419)
1455 2182 1665 2225 opgesteld.
1691 2183 1754 2216 Zie
1770 2182 1918 2216 hierbo-

675 2249 745 2272 ven
775 2239 824 2272 ΝΡ
849 2238 924 2279 139,
950 2238 1020 2271 blz.
1047 2237 1206 2272 229-237.
1222 2237 1474 2271 —Verkecrd
1498 2238 1601 2271 werd
1630 2237 1848 2279 (hierboven
1871 2247 1919 2280 op

677 2295 748 2327 blz.
774 2293 853 2335 225)
880 2294 1019 2327 zonder
1044 2293 1222 2335 bewijzen
1251 2292 1306 2326 als
1331 2293 1444 2326 zeker
1467 2302 1743 2335 aangenomen,
1768 2294 1832 2326 dat
1854 2293 1920 2326 het

675 2350 808 2382 vonnis
833 2351 947 2391 tegen
972 2349 1131 2382 Grabow
1154 2350 1192 2382 te
1222 2348 1403 2381 Constanz
1427 2349 1530 2382 werd
1554 2357 1737 2391 gegeven.
1757 2348 1919 2382 Evenals

676 2414 769 2437 voor
794 2403 970 2437 Nicolaas
997 2403 1223 2436 Serrurier⁷s
1247 2403 1394 2436 tweede
1418 2403 1564 2444 vonnis‚
1591 2403 1785 2445 gebearde
1810 2402 1917 2436 zulks

676 2458 919 2502 integendeel
944 2460 981 2491 te
1006 2458 1190 2491 Florence
1209 2467 1256 2491 en
1273 2458 1367 2491 door
1392 2458 1437 2491 de
1454 2467 1593 2500 zorgen
1609 2467 1681 2491 van
1697 2457 1918 2491 denzelfden

678 2514 880 2554 Antonius,
905 2513 1102 2547 kardinaal
1127 2522 1198 2546 van
1214 2512 1401 2554 Aquileia.
1423 2512 1505 2546 Ook
1534 2513 1580 2546 de
1605 2513 1735 2546 datum
1759 2513 1812 2557 (31
1830 2512 1919 2556 Mei)

329 2670 374 2713 (1)
399 2670 496 2703 Deze
524 2669 728 2710 paragraaf
743 2668 799 2700 tot
822 2665 970 2700 hiertoe
987 2667 1092 2700 komt
1116 2667 1190 2700 ook
1214 2666 1339 2700 schier
1362 2666 1546 2708 letterlijk
1563 2676 1653 2700 voor
1677 2666 1717 2699 in
1741 2666 1806 2700 het
1829 2666 1917 2700 stuk

287 2734 375 2758 ovcr
403 2724 579 2758 Nicolaas
608 2724 816 2763 Serrurier,
842 2722 1049 2756 hierboven
1074 2722 1143 2756 blz.
1174 2722 1251 2755 236.

327 2779 371 2821 (2)
396 2780 440 2813 In
456 2780 502 2812 de
519 2777 727 2811 notarieele
752 2780 834 2812 acte
859 2778 1079 2821 aangaande
1104 2778 1280 2811 Nicolaas
1299 2778 1495 2812 Serrurier
1513 2788 1560 2821 op
1581 2777 1647 2812 het
1662 2777 1917 2812 Vatikaansch

286 2835 432 2868 arcliief
448 2834 502 2868 las
519 2834 624 2867 Prof.
643 2833 806 2867 Cauchie
823 2832 1033 2868 Lutkehns.

328 2889 374 2931 (3)
399 2891 496 2922 Deze
528 2889 732 2931 paragraaf
758 2889 790 2920 is
815 2888 889 2920 ook
917 2897 1116 2932 nagenoeg
1140 2888 1307 2923 dezelfde
1331 2890 1368 2922 in
1401 2889 1467 2922 het
1501 2888 1586 2922 stuk
1618 2897 1708 2922 over
1740 2887 1916 2922 Nicolaas

287 2945 493 2985 Sci-rurier,
512 2944 717 2977 hierboven
735 2943 803 2976 blz.
822 2942 897 2978 236⁴
