2050 3470
804 250 939 285 ΛΝΝΟ
966 251 1050 283 1124
1725 265 1745 295 5

112 361 289 395 libertate
305 361 498 393 donamus.
529 359 615 402 Ipse
644 368 733 394 vero
763 360 936 402 ecclesie,
966 360 1112 394 seclusa
1144 362 1180 395 in
1208 363 1365 398 invicem
1398 368 1499 400 omni
1531 371 1740 411 exactione,

109 416 220 459 juges
237 415 310 448 sibi
323 415 512 448 debebunt
529 415 696 449 fraterne
714 415 884 448 caritatis
903 416 1092 450 orationes
1111 416 1148 449 in
1167 419 1339 451 omnibus
1358 423 1644 458 necessitatibus
1660 436 1743 461 sese

110 470 387 512 subportantes.
430 469 504 502 Pro
543 471 901 503 commemoratione
935 480 1022 503 vero
1062 480 1127 503 suc
1161 471 1348 506 libertatis
1383 478 1542 519 utraque
1582 480 1743 516 ecclesia

110 523 299 567 persolvet
337 524 598 557 cameracensi
638 526 817 558 canonico
857 527 894 558 et
939 525 1123 559 catholico
1170 528 1313 568 presuli
1360 539 1515 565 aureum
1549 544 1741 570 nummum

109 579 393 620 Antwerpensis
428 582 578 613 monete
595 585 631 612 ct.
656 580 833 622 ponderis
858 580 1018 621 singulis
1043 582 1150 613 annis
1176 582 1213 613 in
1239 583 1334 615 sesto
1359 587 1477 618 sam-ti
1504 588 1603 622 Luce
1621 592 1739 631 priori

109 634 262 666 dimisso
282 634 421 666 debito.
449 634 689 674 Quocumque
715 641 806 675 ergo
826 634 1044 673 pontificum
1068 641 1133 666 seu
1160 635 1372 677 principum
1391 637 1606 681 largitione,
1627 643 1740 677 immo

109 687 363 729 quorumlihet
402 687 673 720 catholicorum
709 686 910 719 collatione
944 688 1161 719 memoratis
1193 688 1363 722 eeclesiis
1395 691 1523 725 oblata
1560 698 1646 728 sunt
1680 697 1737 731 vel

107 743 269 776 ulterius
287 743 543 781 conserentur,
559 741 670 783 hujus
689 742 805 773 nostri
825 742 967 774 decreti
993 743 1224 775 munimento
1251 744 1393 777 eisdem
1410 747 1455 779 ad
1473 757 1574 788 usus,
1601 754 1641 783 ut
1665 753 1739 786 die-

107 799 187 830 tum
200 800 268 837 est,
290 797 558 830 canonicorum
577 797 822 839 assignamus.

150 853 206 885 Ne
220 861 293 893 qua
305 861 393 884 vero
411 852 593 884 canoniea
610 851 836 884 secularisve
851 860 1011 893 persona
1027 861 1202 893 processu
1223 855 1433 895 temporum
1452 857 1489 890 in
1504 857 1598 892 han(¹
1617 864 1736 896 nostri

103 906 243 940 decreti
260 907 438 950 paginam
463 907 597 948 spiritu
619 905 831 947 calumpnie
850 907 1055 945 moveatur,
1075 906 1212 939 collata
1229 912 1556 945 conservatoribus
1573 923 1678 955 paee,
1698 917 1735 950 in

102 971 335 1004 prevasores,
361 961 484 1002 quoad
500 960 742 1002 resipuerint,
757 959 1006 992 anathematis
1031 962 1297 994 exterminium
1315 963 1601 1006 promulgamus
1620 970 1733 1010 atque

104 1019 232 1051 nostra
269 1016 575 1060 subsigillatione
607 1017 644 1048 et
676 1015 857 1047 canonica
889 1014 1154 1056 astipulatione
1186 1019 1450 1051 confirmamus
1476 1019 1512 1052 S.
1540 1019 1733 1056 Erlebaldj

101 1074 296 1116 prepositi,
316 1071 552 1107 S.Johannis
565 1070 835 1109 archidiaconi,
856 1070 891 1102 S.
911 1069 1062 1103 Raduln
1083 1071 1350 1113 archidiaconi,
1370 1073 1405 1107 S.
1425 1075 1595 1109 Anselmi
1613 1078 1734 1113 archi-

101 1128 263 1167 diaconi,
290 1127 325 1161 S.
353 1127 521 1160 Anselmi
548 1126 743 1168 prepositi,
770 1124 805 1157 S.
833 1124 1019 1163 VVidoniss
1047 1125 1082 1157 S.
1103 1125 1274 1166 Robcrti,
1294 1127 1329 1160 S.
1350 1128 1507 1161 Gerardi
1532 1131 1731 1172 capellani,

102 1182 259 1225 Signum
277 1181 421 1216 oilardi
436 1181 582 1219 decani,
597 1180 635 1213 S.
654 1180 839 1222 Hugonis‚
860 1179 1053 1212 Heriberti
1072 1181 1349 1214 canonicorum.

142 1238 276 1271 Actum
311 1238 368 1270 est
406 1238 532 1268 autem
560 1235 630 1267 hoc
666 1244 762 1267 anno
798 1234 981 1267 incarnati
1019 1234 1132 1266 Verbi
1158 1235 1213 1267 Μο
1243 1236 1287 1268 C0
1320 1237 1492 1272 XX11110
1524 1241 1730 1278 indictione

108 1291 165 1325 11³
179 1292 311 1333 epacta
334 1291 424 1330 111³,
442 1289 658 1332 presulatus
675 1289 801 1321 domni
820 1288 1031 1321 Burchardi
1047 1298 1156 1321 nono.

145 1344 226 1388 Ego
244 1345 513 1379 werinbaldus
531 1344 779 1378 cancellarius
792 1344 926 1386 scripsi
944 1345 980 1376 et
999 1344 1185 1376 recensui.

449 1432 508 1475 (P.
529 1432 702 1472 Genard)‚
732 1429 989 1473 Verzamelz‘nq
1011 1429 1080 1464 der
1106 1430 1223 1474 Graf-
1240 1442 1286 1465 en
1306 1431 1643 1480 Gedenkschriften
1657 1449 1732 1473 van

490 1486 535 1520 de
542 1488 732 1530 provincie
748 1486 984 1529 Ayztwerpm,
997 1486 1081 1519 deel
1095 1486 1159 1526 IV,
1170 1486 1240 1519 blz.
1252 1488 1517 1524 XXVI.—Ee11
1531 1493 1731 1529 uittrekgel

492 1551 562 1575 van
588 1543 676 1575 deze
701 1544 782 1575 acte
806 1542 908 1574 werd
926 1543 962 1574 te
988 1540 1107 1583 gelijk
1131 1551 1201 1575 aan
1220 1543 1265 1575 de
1292 1543 1505 1577 ovet-heden
1523 1545 1590 1578 der
1618 1546 1660 1580 Ο.
1689 1547 1730 1581 L.

490 1596 665 1630 Vrouwe-
689 1606 735 1630 en
765 1595 1147 1630 St-Miehielskerken
1176 1597 1407 1640 afgelcverd.
1438 1599 1481 1632 In
1510 1600 1619 1634 beide
1650 1603 1732 1636 uit-

491 1651 652 1685 treksels
685 1652 756 1693 zijn
792 1651 837 1684 de
869 1651 1059 1690 woorden,
1093 1651 1153 1684 die
1187 1661 1276 1685 over
1307 1653 1545 1687 Tanchelm's
1576 1656 1728 1700 ketterij

489 1706 665 1749 spreken,
684 1706 972 1749 gelijkluidond.
1005 1706 1081 1748 (Zie
1109 1706 1271 1747 Genarcr
1291 1706 1446 1749 aldaar.)
1470 1725 1513 1732 -
1537 1709 1598 1742 Dit
1629 1710 1729 1750 stuk,

488 1762 551 1795 het
576 1762 761 1805 volgende
779 1771 825 1795 en
842 1771 946 1795 meer
973 1762 1112 1795 andere
1141 1762 1179 1794 in
1210 1761 1349 1806 Comus
1372 1763 1397 1796 I
1415 1765 1551 1797 toonen
1569 1773 1731 1808 gonoeg-

488 1827 592 1851 zaam
610 1827 692 1857 aan,
719 1817 792 1850 hoe
815 1816 1015 1850 roekeloos
1030 1818 1075 1850 de
1095 1817 1335 1861 beweringen
1354 1828 1491 1861 mogen
1504 1818 1654 1860 heeten,
1668 1820 1730 1853 die

487 1872 668 1915 generaal
708 1872 994 1906 Wauwermans
1020 1872 1058 1904 in
1086 1872 1181 1914 zijne
1210 1873 1484 1916 verhandeling
1512 1883 1602 1907 over
1631 1875 1727 1908 Tan-

486 1927 609 1960 chelm
622 1931 686 1960 ten
704 1927 809 1960 beste
823 1927 927 1970 geeft
951 1924 1150 1968 (L’he'resz‘e
1172 1925 1218 1959 de
1249 1926 1451 1961 Tanchezin
1475 1929 1513 1961 in
1538 1929 1583 1963 de
1605 1932 1729 1964 Amza·

487 1981 538 2015 les
560 1981 606 2015 de
623 1980 846 2014 Z'Acaddmz‘e
857 1979 1145 2024 ἀἈνεΙιέοῑορίε,
1160 1981 1196 2012 4⁰
1213 1983 1337 2023 reeks,
1353 1983 1435 2017 deel
1450 1983 1535 2025 VII,
1554 1984 1622 2018 blz.
1638 1986 1728 2026 5-40,

487 2036 596 2078 1891).
624 2037 687 2070 Zie
712 2036 785 2069 ook
819 2035 1037 2069 St-Norbert
1068 2040 1102 2068 et
1146 2035 1348 2069 Tanchelz'n
1387 2038 1426 2072 in
1465 2040 1511 2073 de
1548 2039 1729 2075 Analecta

486 2090 754 2133 Bollandz‘ana,
773 2090 856 2125 deel
870 2090 958 2131 XII,
980 2090 1050 2125 blz.
1077 2090 1236 2131 441-446,
1263 2092 1359 2126 1892.

806 2240 836 2284 '7
872 2235 1040 2299 (wer).

150 2383 271 2434 1124,
299 2382 594 2438 Antwerpen.
620 2382 730 2426 Acte
757 2396 842 2425 van
866 2382 1124 2440 Hidolphus,
1162 2390 1311 2442 proost
1335 2387 1412 2430 der
1437 2387 1726 2432 St-Michiels-

90 2448 200 2493 kerk
220 2453 263 2493 te
285 2451 576 2506 Antwerpen,
597 2450 778 2509 waarbij
800 2451 859 2509 hij
885 2452 952 2495 die
970 2453 1081 2498 kerk
1097 2469 1181 2498 aan
1200 2455 1252 2499 de
1270 2456 1583 2516 Norbertijnen
1602 2472 1726 2502 over-

90 2517 224 2574 geeft.
252 2544 302 2551 —
325 2519 394 2576 Hij
420 2519 650 2563 herinnert
684 2533 723 2564 0.
761 2533 801 2564 a.
829 2535 911 2564 aan
944 2521 997 2565 de
1030 2523 1310 2581 verbreiding
1335 2525 1412 2568 der
1433 2525 1610 2585 ketterij
1641 2541 1727 2571 van

90 2586 324 2630 Tanchelm
356 2588 399 2631 in
423 2588 475 2632 de
506 2588 790 2632 Scheldestad
809 2604 863 2633 en
887 2589 930 2633 in
949 2591 1056 2635 hare
1091 2593 1344 2637 omstreken
1369 2609 1421 2638 en
1440 2595 1522 2639 hoe
1544 2596 1597 2654 zij
1622 2597 1728 2640 door

91 2654 173 2698 den
208 2655 397 2712 heiligen
430 2656 674 2700 Nor-bertus
706 2662 794 2701 met
817 2658 929 2716 zijne
952 2659 1359 2706 kloosterbroeders
1394 2664 1513 2708 werd
1546 2669 1588 2709 te
1622 2665 1727 2710 keer

87 2736 273 2780 gegaan.
301 2738 515 2769 wanneer
537 2726 641 2769 deze
674 2740 784 2770 naar
815 2728 1087 2785 Antwerpen
1111 2743 1328 2788 geroepen
1352 2733 1530 2778 werden
1553 2748 1606 2778 en
1632 2735 1726 2779 zich

88 2792 239 2836 aldaar
257 2799 490 2851 neergezet
509 2795 697 2839 hadden.

132 2892 175 2926 In
202 2894 353 2927 nomine
370 2896 498 2928 sancte
516 2900 554 2928 et
568 2896 759 2930 individue
784 2897 999 2931 Trinitatis.
1019 2899 1100 2942 Ego
1123 2900 1347 2944 Hidolphus,
1366 2904 1578 2945 prepositus
1607 2907 1726 2940 sancti

93 2946 289 2982 Michaelis
315 2949 353 2982 in
371 2950 602 2993 Antwcrpia,
622 2957 696 2984 tam
713 2952 850 2985 suturis
865 2962 974 2995 quam
995 2956 1233 2997 presentibus
1258 2958 1295 2991 in
1314 2962 1549 3002 perpetuum,
1564 2961 1728 3004 qualiter
