2050 3470
332 286 394 320 178
1023 281 1157 316 ANNO
1184 280 1268 315 1308

334 394 504 427 obstante
533 391 787 426 clementina:
816 391 907 426 Cum
938 390 983 424 de
1016 389 1236 435 quibusdam
1267 390 1418 424 Extrav.
1448 390 1493 423 de
1521 389 1629 433 relig.
1664 389 1776 423 dom..
1812 387 1947 425 Omnia

332 450 445 482 etiam
470 447 628 480 invicem
660 446 778 480 libere
809 446 1097 485 communicare,
1129 445 1186 479 vel
1217 446 1256 478 in
1283 454 1478 478 commune
1515 454 1668 486 ponere,
1701 446 1758 477 est
1795 445 1945 478 omnino

333 503 476 536 licitum
490 503 526 535 et
540 501 788 541 meritorium,
803 502 890 542 quia
914 501 1038 534 omnia
1065 509 1145 534 csse
1173 500 1396 539 communia,
1414 501 1471 532 est
1493 499 1588 542 legis
1605 499 1797 532 naturalis
1816 499 1879 532 Pr.
1899 499 1945 533 D.

329 559 398 591 ,Ius
430 556 610 589 Naturale
642 557 713 588 etc.
746 556 848 588 VIII.
873 556 913 588 G.
948 555 1093 588 Diffcrt.
1124 555 1213 588 XII.
1245 564 1305 595 qu.
1325 554 1354 587 Ι.
1388 564 1419 588 c.
1449 553 1709 593 Dilectissimis,
1735 555 1806 587 etc.
1831 553 1880 587 Et
1905 553 1944 587 in

330 612 489 654 pristina
506 610 664 644 ccclesia
681 610 806 643 omnia
833 611 940 643 crant
964 610 1186 649 communia,
1204 610 1284 643 Act.
1311 609 1408 650 11113
1426 609 1523 642 unde
1551 609 1663 642 ctiam
1692 608 1819 641 clerici
1843 618 1945 642 secu-

330 667 427 700 lares
445 667 551 699 extra
583 664 806 707 religionem
831 665 1034 698 secundum
1051 665 1303 705 antiquaJ'ura
1326 664 1506 696 deberent
1529 664 1652 696 vivere
1676 663 1714 695 in
1742 663 1943 703 communi,

328 731 396 763 pcr
427 720 537 761 capit.
560 719 743 756 Quoniam
767 723 886 759 extra,
915 721 1001 761 etc.,
1018 717 1064 752 de
1086 720 1161 752 vita
1184 723 1217 752 et
1235 717 1422 752 honestate
1438 717 1598 751 clericor.
1617 718 1704 751 XII.
1729 718 1796 756 Qu.
1815 717 1846 751 Ι.
1875 727 1944 759 per

326 775 444 808 multa
461 774 606 808 c-XVI.
622 783 682 815 qu.
702 774 730 807 I.
747 784 777 807 c.
811 773 980 807 Decimas
1001 773 1163 807 XXXII.
1190 774 1224 806 d.
1258 783 1289 806 c.
1318 774 1470 815 praeter
1493 772 1606 806 habet
1636 774 1681 806 de
1712 781 1769 806 eo.
1799 773 1834 806 d.
1852 782 1885 806 v,
1904 773 1942 805 in

326 831 509 862 omnibus

367 885 463 918 Item
480 884 569 916 licet
592 893 704 917 unam
731 893 930 925 personam
946 883 1100 925 habere,
1118 892 1211 925 quae
1230 892 1357 916 curam
1382 883 1513 916 domus
1535 882 1684 923 habeat,
1697 882 1768 916 VII
1785 891 1819 924 q.
1838 891 1870 915 r.
1894 881 1941 915 In

322 938 462 983 apibus,
488 941 559 971 etc.
585 938 633 971 Et
660 938 749 971 licet
775 948 814 971 se
847 939 892 971 ad
921 939 1173 972 obedientiam
1200 938 1256 970 illi
1281 937 1451 980 obligare
1482 947 1556 970 non
1587 938 1760 977 debeant,
1784 938 1941 979 possunt

321 996 446 1027 tamen
465 993 615 1026 monitis
632 994 712 1035 eJus
728 992 938 1026 voluntarie
955 993 1205 1034 acquiescere,
1223 993 1281 1025 vel
1306 992 1461 1025 consilia
1477 993 1522 1025 ab
1551 1001 1595 1025 eo
1622 992 1805 1034 recipere,
1823 991 1937 1024 immo

321 1049 440 1089 quivis
457 1049 580 1089 potest
597 1048 748 1080 monitis
765 1048 803 1080 et
820 1047 985 1080 consiliis
1012 1048 1119 1080 bonis
1136 1049 1402 1089 cujuscumque
1426 1047 1589 1080 hominis
1613 1046 1863 1088 acquiescere.
1889 1046 1938 1079 Et

321 1103 389 1135 hoc
407 1103 545 1135 dicitur
560 1102 598 1134 in
613 1103 769 1135 caritate
787 1102 953 1136 obedire.
974 1103 1004 1136 1.
1022 1103 1104 1135 Pet.
1123 1103 1175 1136 ΙΙ.
1193 1103 1338 1136 Subditi
1355 1103 1474 1135 estote
1492 1102 1593 1134 omni
1623 1101 1808 1134 humanae
1836 1110 1937 1134 crea-

320 1161 439 1198 turae,
454 1158 609 1199 propter
625 1156 833 1190 Dominum.
853 1157 901 1190 Et
923 1157 961 1189 in
978 1158 1109 1190 eadem
1136 1157 1244 1199 epist.
1263 1157 1369 1191 Petri
1394 1166 1474 1199 cap.
1489 1157 1519 1190 1.
1536 1157 1792 1190 castificantes
1823 1156 1938 1188 corda

317 1214 441 1245 vestra
457 1213 496 1244 in
525 1212 739 1244 obedientia
755 1212 935 1253 caritatis,
955 1213 1025 1246 etc.
1041 1212 1145 1246 Idem
1177 1212 1266 1245 satis
1297 1211 1458 1245 habetur
1481 1221 1527 1245 ex
1555 1211 1677 1245 verbis
1703 1210 1739 1244 S.
1755 1210 1934 1245 Thomae.

318 1266 449 1306 Quodl.
468 1266 553 1307 VII,
573 1266 699 1305 Quest.
714 1266 782 1300 XI.

359 1322 431 1355 Sed
448 1322 605 1354 forsitan
630 1322 845 1363 praedictae
869 1321 1047 1354 solutioni
1071 1331 1136 1355 seu
1160 1322 1395 1364 responsioni
1423 1321 1558 1363 aliquis
1586 1321 1814 1363 opponeret:
1841 1320 1936 1360 Quia

316 1377 441 1409 omnia
464 1376 625 1419 collegia
642 1377 727 1408 sunt
754 1376 900 1419 illicita,
918 1377 990 1409 nisi
1006 1377 1213 1419 probentur
1230 1386 1311 1410 esse
1327 1377 1522 1419 permissa,
1540 1377 1577 1409 ff.
1597 1377 1643 1409 de
1671 1375 1755 1408 coll.
1774 1375 1866 1409 illic.
1885 1375 1935 1408 LI

315 1434 353 1465 et
371 1431 459 1464 LIII
474 1433 511 1464 et
528 1432 574 1464 de
597 1431 667 1463 hoc
685 1432 790 1464 notat
808 1431 990 1465 Ostiensis
1006 1432 1044 1464 in
1062 1432 1226 1473 Summa,
1245 1432 1319 1465 Tit.
1335 1432 1380 1465 de
1397 1431 1703 1473 procurator.‚R.
1714 1431 1760 1463 de
1783 1430 1933 1464 Sindico

312 1489 336 1528 5
352 1486 369 1519 Ι
394 1486 456 1518 ubi
473 1496 479 1518 :
496 1486 674 1519 Traditur
701 1487 840 1519 autem.
853 1486 957 1519 Idem
984 1485 1125 1529 legitur
1141 1487 1179 1520 et
1202 1487 1354 1520 notatur
1376 1495 1445 1528 per
1461 1486 1592 1520 Henri.
1607 1486 1674 1520 Bo.
1690 1485 1776 1528 post
1788 1484 1933 1519 Ostien-

312 1551 403 1581 sem,
423 1542 459 1574 et
474 1540 585 1574 Joan.
604 1541 649 1574 de
667 1541 880 1574 excessibus
896 1550 932 1583 p.
951 1540 1104 1581 Dilecta,
1124 1542 1195 1574 etc.

354 1596 619 1637 Respondetur
647 1595 864 1637 dupliciter:
899 1596 1046 1629 Primo:
1081 1597 1185 1635 Quod
1217 1596 1446 1638 praemissae
1481 1605 1664 1638 personae
1699 1605 1773 1628 non
1804 1595 1932 1628 vivunt

311 1650 575 1693 collegialiter,
606 1659 674 1683 nec
690 1659 759 1692 per
786 1651 937 1683 modum
965 1650 1130 1694 collegii,
1156 1652 1220 1684 sed
1244 1651 1549 1694 congregationis
1574 1651 1804 1691 caritativae,
1829 1650 1930 1682 omni

309 1707 392 1747 jure
410 1705 549 1745 licitae,
567 1705 665 1746 quod
678 1705 732 1737 ita
745 1705 945 1746 probatur:
962 1705 1045 1738 Non
1063 1706 1164 1739 enim
1181 1707 1318 1739 sufficit
1334 1707 1380 1739 ad
1408 1706 1490 1746 hoc,
1509 1707 1550 1738 ut
1573 1706 1622 1738 sit
1638 1705 1841 1748 collegium
1871 1704 1929 1737 vel

310 1770 457 1802 corpus,
476 1760 573 1800 quod
587 1759 714 1801 plures
730 1759 839 1792 simul
858 1759 1029 1793 habitent
1051 1760 1108 1794 vel
1135 1762 1235 1794 stent
1248 1760 1371 1801 simul,
1397 1762 1439 1794 ut
1466 1761 1555 1794 satis
1579 1760 1730 1793 elicitur
1756 1769 1803 1793 ex
1819 1760 1929 1792 dictis

309 1815 511 1857 Extravag.
545 1815 591 1847 de
618 1814 727 1847 elect.
757 1814 795 1848 G.
829 1813 1084 1849 Sacrosancta.
1111 1816 1182 1849 Sed
1210 1817 1328 1855 actus,
1357 1816 1491 1857 quibus
1514 1816 1695 1858 probatur
1726 1814 1928 1857 collegium

309 1870 513 1903 secundum
541 1869 764 1910 Ostiensem,
804 1870 891 1902 sunt
918 1879 1113 1903 commune
1138 1870 1318 1913 sigillum,
1355 1872 1393 1903 et
1425 1880 1513 1903 usus
1551 1870 1668 1913 sigilli
1706 1869 1926 1910 communis,

308 1925 489 1958 tractatus
521 1924 727 1957 communis
755 1924 793 1956 in
821 1924 998 1966 capitulo,
1028 1934 1115 1958 arca
1139 1926 1358 1966 communis,
1383 1925 1639 1965 refectorium,
1665 1924 1928 1957 dormitorium

308 1988 517 2012 commune.
545 1979 644 2012 Idem
663 1980 768 2012 notat
780 1978 905 2011 Archi.
921 1980 967 2012 X.
983 1989 1043 2020 qu.
1070 1979 1099 2013 1.
1116 1990 1146 2012 c.
1166 1980 1197 2013 1.
1212 1979 1308 2014 Item
1321 1981 1524 2013 secundum
1537 1980 1798 2013 Innocentium
1815 1988 1927 2020 super

308 2035 419 2076 caput
438 2033 589 2073 Dilecta,
608 2032 652 2066 de
674 2033 877 2067 eoecessz‘bus
886 2033 1157 2078 praelatorum,
1183 2035 1392 2078 Collegium
1419 2035 1555 2068 recidit
1575 2035 1615 2067 in
1632 2044 1747 2067 unum
1763 2034 1801 2068 ff.
1821 2034 1926 2073 Quod

308 2090 487 2131 cujusque
504 2089 603 2121 univ,
622 2089 718 2121 sicut
733 2089 771 2121 in
789 2089 832 2121 si.
853 2088 988 2123 Howd.
999 2099 1030 2122 c.
1045 2090 1082 2122 fi.
1098 2090 1169 2123 Sed
1183 2091 1341 2123 societas
1357 2091 1478 2123 morte
1492 2089 1692 2123 cuiuslibet
1707 2088 1926 2122 dissoluitur

307 2145 343 2177 ff.
381 2153 449 2186 pro
477 2144 589 2176 socio.
616 2143 712 2176 Item
736 2144 940 2176 secundum
963 2144 1240 2185 Innocentium,
1271 2145 1336 2178 ubi
1377 2145 1435 2178 est
1465 2144 1679 2187 collegium,
1712 2153 1786 2177 non
1814 2143 1926 2177 debet

306 2198 498 2232 conveniri
515 2197 673 2239 quilibet
686 2198 808 2231 socius
832 2199 877 2231 de
895 2199 1148 2232 contractibus
1164 2200 1268 2232 initis
1285 2200 1435 2233 nomine
1463 2199 1665 2240 societatis,
1684 2200 1748 2232 sed
1765 2199 1924 2232 societas

306 2254 387 2296 ipsa
404 2255 561 2293 tantum,
585 2252 672 2286 XII.
698 2261 733 2293 q.
768 2251 820 2285 11.
853 2252 1035 2290 Quoniam
1065 2255 1305 2288 unanimiter.
1323 2254 1419 2287 Item
1444 2254 1646 2297 collegium
1673 2253 1835 2296 speciale
1852 2253 1924 2286 sibi

306 2318 442 2342 nomen
466 2308 611 2347 tribuit,
629 2309 670 2340 ut
697 2307 898 2350 collegium
916 2308 951 2341 S.
972 2308 1077 2341 Petri
1104 2309 1163 2342 vel
1186 2308 1358 2342 Andreae
1375 2309 1450 2342 Col.
1468 2308 1527 2342 vel
1540 2308 1809 2342 Monachorum
1836 2308 1922 2342 talis

305 2363 437 2402 sancti,
456 2362 541 2395 talis
555 2363 727 2401 civitam,
745 2363 949 2395 secundum
967 2363 1176 2396 Ostiensem
1192 2365 1231 2396 in
1249 2364 1412 2404 Summa,
1439 2363 1512 2397 Tit.
1537 2364 1582 2396 de
1610 2363 1766 2398 Procur.
1798 2364 1846 2397 R.
1876 2364 1922 2397 de

305 2419 468 2453 Sindico.
487 2417 566 2450 Imo
584 2417 785 2460 collegium
814 2418 1017 2450 secundum
1041 2419 1303 2451 Innocentium
1329 2419 1453 2460 potest
1477 2418 1709 2460 superiorem
1738 2417 1920 2461 deligere,

304 2474 368 2515 qui
407 2482 536 2506 causas
567 2473 691 2514 potest
729 2481 970 2515 cognoscere,
1009 2474 1048 2506 et
1085 2474 1280 2515 syndicum
1315 2474 1555 2507 constituere.
1597 2473 1693 2506 Item
1717 2474 1920 2506 secundum

303 2528 432 2562 Innoc.
473 2527 631 2560 societas
670 2528 836 2560 omnium
863 2528 1047 2560 bonorum
1082 2538 1156 2560 non
1184 2529 1275 2561 facit
1302 2528 1516 2570 collegium,
1546 2528 1617 2560 nisi
1656 2528 1701 2560 ad
1725 2527 1796 2560 hoc
1812 2528 1918 2561 insti-

304 2586 430 2616 tuatur
443 2584 483 2615 ut
500 2583 547 2614 sit
565 2581 767 2624 collegium
784 2584 822 2615 et
838 2583 869 2614 si
886 2592 980 2623 quae
997 2582 1071 2616 alia
1087 2584 1174 2615 sunt
1198 2584 1244 2616 de
1269 2584 1354 2625 jure
1378 2584 1416 2616 et
1440 2592 1521 2616 esse
1538 2582 1702 2625 collegii.
1722 2582 1862 2621 Quibus
1879 2583 1917 2616 in

302 2638 383 2671 istis
400 2637 570 2679 personis
594 2638 798 2670 secundum
822 2637 948 2670 thema
965 2647 1038 2670 non
1067 2638 1389 2678 concurrentibus,
1422 2637 1495 2670 dici
1526 2647 1600 2670 non
1624 2637 1763 2670 debent
1777 2637 1917 2671 habere

302 2692 516 2734 collegium,
534 2693 597 2724 sed
615 2691 836 2733 simpliciter
848 2692 1077 2725 societatem.
1097 2693 1235 2735 Magna
1252 2694 1308 2725 est
1324 2694 1449 2726 autem
1465 2692 1678 2726 differentia
1690 2692 1790 2725 inter
1806 2692 1916 2726 colle·

301 2748 404 2791 gium
422 2748 459 2780 et
473 2746 680 2788 simplicem
697 2747 927 2787 societatem,
946 2748 987 2779 ut
999 2748 1103 2789 patet
1119 2757 1165 2780 ex
1183 2748 1303 2781 dictis.

345 2802 514 2836 Secundo
553 2802 676 2843 potest
713 2802 946 2842 responderi,
987 2803 1099 2843 quod,
1135 2803 1206 2835 etsi
1243 2802 1471 2844 praemissae
1498 2811 1681 2844 personae
1712 2801 1915 2845 collegium

301 2856 553 2896 instituerent,
572 2856 771 2888 dummodo
796 2857 892 2889 citra
921 2856 1159 2900 religionem,
1189 2859 1226 2890 et
1254 2857 1328 2890 alia
1352 2858 1476 2891 debite
1505 2858 1786 2898 concurrerent,
1803 2857 1914 2891 colle-

299 2912 403 2953 gium
442 2920 571 2944 eorum
603 2912 702 2944 esset
728 2912 774 2943 de
799 2912 988 2945 communi
1014 2913 1099 2954 J'ure
1129 2912 1353 2954 permissum
1388 2913 1427 2946 et
1456 2912 1750 2954 permittendum
1776 2913 1815 2944 et
1838 2922 1913 2945 non

294 2965 470 2999 illicitum
487 2966 584 3007 quod
602 2967 716 3008 patet.
734 2965 834 3000 Istae
861 2966 961 3000 enim
974 2975 1170 3009 personae,
1188 2968 1229 3000 ut
1252 2967 1291 3000 in
1309 2967 1474 3002 themate
1498 2967 1648 3007 dicitur,
1667 2967 1752 3000 sunt
1778 2967 1910 3001 tenues
