2050 3470
844 188 982 223 ANNO
1009 188 1092 222 1324
1746 192 1788 224 87

153 299 282 333 divina
306 299 549 342 providencia
574 309 668 342 pape
697 301 786 341 xxij,
804 301 977 342 pervenit
1001 301 1181 339 auditum,
1208 309 1288 334 esse
1318 301 1500 343 plurimas
1526 303 1562 334 in
1581 303 1731 335 civitate
1750 308 1787 335 et

153 355 294 389 diocesi
309 355 509 389 Leodiensi
525 354 703 387 mulieres
722 354 915 397 Beghinas
929 355 1152 397 simpliciter
1171 358 1415 398 nuncupatas,
1434 366 1505 398 que
1524 366 1590 399 per
1607 355 1787 390 virtutum

154 410 399 444 odoramenta
422 411 617 443 currentes
641 409 798 443 honeste
826 410 967 450 vivunt,
994 410 1127 444 devote
1148 412 1390 452 frequentant
1414 412 1606 453 ecclesias,
1631 413 1788 455 prelatis

154 465 232 498 suis
249 465 469 498 reverenter
486 465 678 504 obediunt,
695 473 809 507 seque
827 466 864 498 in
880 466 1073 507 premissis
1087 466 1404 508 disputationibus
1429 470 1466 500 et
1489 468 1682 501 erroribus
1712 478 1785 502 non

153 519 361 559 involvunt,
387 528 455 552 nec
472 529 558 552 suas
575 519 633 552 vel
652 519 813 552 aliorum
840 521 984 553 animas
1001 529 1069 562 per
1097 521 1293 563 opiniones
1310 530 1488 555 erroneas
1506 523 1551 555 ab
1568 523 1788 566 evangelica

154 575 311 609 veritate
329 575 537 617 degeneres
555 575 786 616 dampnabili
812 576 1094 618 presumptione
1111 576 1316 619 decipiunt,
1337 578 1452 610 sedin
1471 580 1599 611 sancta
1612 579 1648 610 et
1667 578 1788 611 solida

153 629 394 672 simplicitate
418 630 586 662 viventes
611 629 736 671 alique
761 631 946 673 proprias,
976 630 1101 672 alique
1126 633 1336 674 parentum,
1355 632 1481 674 alique
1505 633 1707 666 conductas
1727 633 1787 667 vel

153 684 225 717 sibi
239 693 455 718 communes
473 688 509 717 et
526 694 610 718 cum
633 685 792 718 honesta
809 686 956 719 familia
981 687 1110 719 domos
1138 687 1361 727 inhabitant,
1377 687 1502 729 alique
1526 698 1626 728 vere,
1660 698 1788 722 rerum

153 740 312 782 cogente
330 740 493 780 defectu,
513 740 623 773 simul
642 741 680 774 in
705 741 846 774 eisdem
872 741 1044 775 domibus
1068 744 1105 775 et
1121 743 1279 775 diversis
1305 743 1544 786 beghinagiis
1561 745 1607 777 ad
1633 747 1788 787 maj0ris

151 795 336 828 castitatis
364 796 646 829 observanciam
675 798 958 829 commorantur
989 798 1025 830 et
1053 799 1106 830 sic
1134 797 1314 831 hactenus
1346 799 1522 832 vixerunt
1545 799 1788 836 laudabiliter

151 851 264 892 atque
297 851 438 892 vivunt,
465 851 564 892 quod
593 851 697 884 nulla
714 860 900 893 uncquam
932 861 1046 894 super
1077 852 1150 885 hiis
1178 854 1250 886 suit
1280 853 1338 886 vel
1357 856 1413 887 est
1430 858 1514 888 orta
1538 856 1702 897 suspicio
1726 857 1785 890 vel

151 906 308 939 infamia
324 908 456 939 contra
480 907 579 948 ipsas
595 917 604 947 3
629 909 785 948 propter
808 907 905 948 quod
918 908 1116 950 indignum
1133 911 1311 950 reputans
1328 910 1497 951 prefatus
1514 909 1786 953 [sanctissimus

149 960 189 994 in
215 959 362 995 Christo
376 962 484 1002 pater
501 960 552 1004 et]
571 961 744 994 dominus
763 960 906 1005 [noster
927 962 1038 1006 papa]
1059 962 1253 997 Johannes
1270 965 1308 997 et
1325 965 1462 998 rationi
1476 967 1721 1009 contrarium,
1754 968 1786 1000 si

150 1016 287 1058 probas
301 1017 339 1049 et
357 1017 536 1059 reprobas
549 1016 665 1049 simili
688 1026 847 1050 censura
868 1017 1107 1059 percelleret,
1134 1019 1240 1051 nobis
1266 1029 1333 1061 per
1350 1029 1435 1052 suas
1453 1020 1584 1054 literas
1608 1020 1787 1054 mandare

149 1071 308 1113 curavit,
335 1070 519 1112 quatenus
543 1078 609 1112 per
632 1079 699 1102 nos
716 1069 774 1102 vel
792 1069 908 1102 alium
940 1070 986 1103 de
1014 1071 1092 1104 vita
1115 1071 1299 1105 dictarum
1324 1072 1524 1107 mulierum
1542 1073 1786 1107 laudabiliter

149 1126 368 1167 viventium,
386 1127 427 1158 ut
443 1126 650 1167 prefertur,
670 1125 940 1159 informatione
954 1129 1106 1168 recepta
1120 1136 1163 1160 ac
1179 1127 1330 1161 invento
1348 1128 1401 1161 sic
1418 1137 1514 1170 esse,
1540 1138 1614 1162 non
1628 1129 1781 1171 permit-

147 1181 313 1214 teremus
342 1181 442 1223 ipsas
466 1180 524 1214 vel
550 1189 681 1214 earum
698 1180 864 1221 aliquam
887 1181 926 1214 in
955 1182 1126 1223 personis
1148 1184 1184 1215 et
1214 1183 1320 1215 bonis
1338 1184 1569 1224 earumdem,
1588 1185 1785 1218 occasione

148 1236 419 1279 prohibicionis
437 1238 473 1269 et
492 1235 715 1269 abolicionis
737 1235 966 1277 hujusmodi,
985 1246 1179 1278 quousque
1204 1238 1249 1270 (le
1267 1239 1365 1271 statu
1383 1248 1514 1272 earum
1530 1240 1647 1272 fuerit
1675 1239 1787 1273 aliter

147 1301 216 1336 per
239 1292 367 1326 sedem
390 1291 635 1334 apostolicam
663 1291 892 1331 ordinatum,
922 1292 967 1324 ab
997 1291 1186 1333 aliquibus
1210 1293 1427 1334 molestari;
1455 1294 1728 1336 molestatores,
1754 1297 1786 1329 si

147 1347 212 1390 qui
224 1347 380 1387 fuerint,
391 1356 460 1389 per
471 1355 670 1379 censuram
684 1345 991 1385 ecclesiasticam,
1002 1346 1254 1389 appellatione
1267 1349 1487 1391 postposita,
1499 1352 1786 1394 compescend03

148 1412 224 1436 non
250 1403 423 1436 obstante
437 1402 468 1434 si
482 1402 537 1435 eis
552 1401 609 1435 vel
636 1410 768 1434 eorum
781 1400 971 1443 aliquibus
989 1403 1240 1436 communiter
1256 1403 1315 1437 vel
1329 1404 1478 1437 divisim
1496 1413 1518 1438 a
1533 1405 1621 1439 sede
1638 1407 1784 1448 aposto-

146 1457 222 1492 lica
245 1458 294 1491 sit
311 1456 511 1497 indultum,
529 1456 627 1499 quod
645 1457 834 1498 interdici,
851 1457 1028 1499 suspendi
1057 1456 1115 1490 vel
1134 1459 1453 1492 excommunicari
1471 1469 1545 1493 non
1558 1461 1703 1503 possint
1719 1470 1787 1504 per

146 1513 278 1547 literas
302 1513 402 1546 dicte
427 1512 526 1545 sedis
549 1521 624 1545 non
641 1512 824 1545 facientes
851 1511 1002 1554 plenam
1020 1514 1057 1545 et
1080 1521 1298 1555 expressam
1315 1523 1358 1547 ac
1374 1514 1419 1548 de
1435 1516 1550 1548 verbo
1567 1516 1613 1549 ad
1629 1518 1786 1552 verbum

148 1569 195 1603 de
218 1568 364 1602 indulto
388 1567 605 1610 hujusmodi
632 1567 880 1600 mencionem.

192 1623 289 1663 Quia
305 1623 426 1667 igitur
441 1623 488 1656 de
505 1623 577 1656 hoc
605 1622 841 1657 sufficienter
864 1623 1039 1656 instructi
1057 1624 1306 1666 repperimus,
1326 1626 1424 1666 quod
1443 1625 1621 1660 mulieres
1640 1627 1784 1672 Begine

147 1680 279 1713 vocate
303 1679 402 1722 apud
427 1680 598 1712 sanctum
623 1677 936 1720 christophorum
960 1679 998 1711 in
1024 1679 1205 1712 suburbio
1233 1680 1443 1720 Leodiensi,
1463 1690 1609 1715 necnon
1631 1683 1670 1716 in
1685 1683 1785 1717 Ton-

146 1735 291 1779 grensi‚
333 1734 583 1776 Trajectensi,
625 1733 990 1774 Sanctitrudonensi,
1031 1734 1271 1776 Lovaniensi,
1308 1735 1512 1776 Thenensi,
1550 1737 1784 1779 Leeuwensi,

147 1790 339 1834 Dystensi,
359 1790 548 1831 Lossensi,
572 1789 619 1823 de
644 1789 797 1822 Hasselt
820 1790 858 1822 et
882 1789 928 1822 de
946 1791 1079 1824 Arscot
1105 1791 1232 1831 curiis,
1261 1791 1480 1824 Leodiensis
1496 1793 1670 1834 diocesis,
1689 1804 1786 1828 com-

146 1847 350 1886 morantes,
367 1846 525 1888 prefatis
550 1845 875 1887 disputacionibus
890 1854 930 1878 se
944 1845 1099 1879 minime
1118 1846 1351 1880 involventes
1365 1847 1562 1889 opiniones
1575 1851 1785 1884 contrarias

146 1902 236 1936 fidei
252 1901 438 1935 catholice
451 1910 517 1934 seu
537 1900 632 1934 alios
649 1909 799 1934 errores
817 1900 1059 1934 introducere
1085 1911 1159 1934 non
1176 1904 1397 1944 presumunt
1414 1912 1482 1936 nec
1498 1903 1679 1937 hactenus
1707 1914 1788 1947 pre-

146 1959 402 2000 sumpserunt,
427 1956 492 1990 sed
509 1955 754 1989 laudabiliter
766 1957 806 1988 et
818 1955 976 1989 honeste
989 1957 1165 1990 vixerunt
1181 1958 1218 1990 et
1234 1957 1377 1999 vivunt,
1395 1958 1528 1991 devote
1544 1960 1787 2001 frequentant

146 2012 326 2048 ecclesias
350 2021 394 2046 ac
417 2011 494 2045 suis
522 2011 678 2054 prelatis
707 2011 888 2045 obediunt
911 2013 1158 2053 reverentem
1183 2014 1340 2055 propter
1364 2013 1463 2055 quod
1489 2014 1597 2056 J'uxta
1620 2017 1786 2050 mentem

147 2067 393 2111 apostolicam
421 2067 459 2101 et
482 2068 739 2110 predictarum
762 2068 1040 2100 continenciam
1057 2067 1259 2101 literarum
1283 2069 1402 2101 status
1419 2069 1641 2103 abolicionis
1656 2080 1784 2113 repro-

147 2125 281 2157 barum
304 2133 379 2157 non
404 2123 559 2165 respicit
583 2122 764 2156 mulieres
792 2121 1008 2164 hujusmodi
1025 2122 1128 2156 velut
1151 2124 1302 2165 probas,
1328 2125 1553 2158 auctoritate
1581 2127 1658 2158 tam
1686 2126 1784 2159 ordi-

148 2178 256 2212 naria
282 2186 394 2220 quam
419 2176 628 2220 apostolica
651 2176 879 2210 declarando
909 2177 1146 2210 decernimus
1175 2179 1213 2211 et
1251 2179 1366 2211 etiam
1396 2180 1528 2212 tenore
1552 2181 1785 2221 presentium

146 2233 377 2274 ordinamus,
402 2233 501 2275 quod
526 2232 707 2266 mulieres
731 2233 826 2275 ipse,
843 2232 1021 2266 videlicet
1038 2233 1077 2265 in
1094 2233 1276 2274 predictis
1300 2232 1393 2266 locis
1420 2234 1458 2266 et
1480 2234 1596 2267 curiis
1624 2244 1785 2268 commo-

145 2290 285 2327 rantes.
311 2288 387 2321 sint
412 2288 452 2321 in
483 2296 528 2321 eo
556 2288 655 2321 statu
684 2288 723 2321 et
757 2296 839 2320 esse
866 2287 1024 2329 pacifice
1047 2289 1317 2330 permittantur
1349 2289 1489 2330 absque
1517 2290 1786 2325 molestacione

146 2350 382 2385 quacunque,
400 2341 439 2374 in
457 2350 529 2383 quo
547 2342 634 2374 ante
650 2339 952 2383 prohibicionem
969 2341 1008 2373 et
1023 2340 1273 2374 abolicioncm
1290 2341 1479 2384 predictas
1502 2351 1584 2376 esse
1601 2342 1784 2383 solebant.

146 2397 394 2439 omnibusque
408 2397 485 2429 suis
502 2395 768 2439 prerogativis,
793 2396 996 2436 francisiiS,
1023 2396 1234 2440 privilegiis
1259 2398 1297 2430 et
1320 2396 1560 2431 libertatibus
1578 2399 1785 2440 potiantur,

145 2453 184 2486 in
197 2453 368 2495 personis
386 2454 424 2486 et
441 2451 549 2485 bonis
567 2460 699 2485 earum
716 2453 829 2494 prout
846 2452 958 2485 antea
974 2454 1216 2492 consuerunt,
1243 2461 1436 2494 quousque
1462 2453 1508 2486 de
1530 2462 1659 2486 earum
1686 2456 1784 2488 statu

145 2509 252 2542 sedes
265 2507 473 2551 apostolica
489 2507 641 2540 duxerit
658 2506 770 2540 aliter
786 2507 1056 2548 ordinandum3
1074 2508 1179 2540 vobis
1198 2507 1370 2541 omnibus
1385 2509 1422 2541 et
1439 2508 1599 2552 singulis
1616 2509 1786 2543 districte

145 2563 389 2607 precipiendo
400 2562 621 2596 mandantes
631 2562 696 2601 ita,
706 2562 804 2604 quod
818 2562 856 2595 in
870 2562 1093 2595 executione
1104 2562 1319 2604 hujusmodi
1334 2562 1430 2597 alter
1442 2565 1607 2597 vestrum
1624 2564 1786 2598 alterum

145 2629 219 2653 non
236 2619 421 2662 expectet,
441 2618 626 2660 quatenus
654 2626 783 2650 omnes
809 2620 846 2650 et
863 2617 1035 2661 singulos
1060 2618 1322 2651 molestatores
1348 2628 1478 2651 carum
1503 2621 1540 2652 et
1565 2619 1740 2660 rebelles,
1755 2621 1787 2653 si

145 2675 208 2717 qui
227 2674 382 2713 fuerint,
397 2674 435 2707 in
449 2673 657 2716 premissis,
676 2674 947 2715 cujuscumque
960 2675 1078 2706 status
1093 2673 1149 2706 vel
1169 2674 1400 2707 condicionis
1417 2675 1593 2717 existant,
1609 2676 1789 2716 quociens

146 2739 298 2765 necesse
311 2730 439 2769 fuerit,
457 2729 643 2762 moneatis
662 2729 857 2769 canonice,
875 2730 918 2762 ut
944 2730 989 2762 ab
1008 2729 1223 2771 hujusmodi
1242 2729 1511 2764 molestacione
1528 2732 1566 2764 ct
1582 2730 1791 2765 rebellione

145 2787 292 2820 cessent
327 2786 476 2828 penitus
511 2786 550 2818 et
573 2785 780 2826 desistant;
806 2784 974 2827 alioquin
1005 2785 1117 2827 ipsOS,
1145 2794 1237 2827 quos
1267 2795 1346 2825 nos,
1373 2787 1552 2819 canonice
1576 2787 1790 2820 monicione

144 2842 330 2885 premissa
345 2841 384 2874 in
403 2839 478 2874 hiis
494 2841 658 2883 scriptis,
683 2841 908 2874 auctoritate
932 2840 1138 2883 apostolica
1163 2842 1550 2882 excommunicamus,
1572 2850 1788 2876 excommu-

147 2896 289 2932 nicatos
311 2894 462 2942 publice
490 2895 688 2936 nuncietis‚
708 2895 860 2930 nomina
882 2896 1109 2930 monitorum
1127 2898 1164 2929 ct
1191 2896 1622 2937 excommunicatorum,
1657 2897 1686 2930 si
1719 2897 1784 2942 qui
