2050 3470
325 299 390 331 ‘258
1011 298 1147 333 ANNO
1172 297 1258 331 1424

324 408 499 464 spoedig
522 407 736 450 handelen
756 410 885 463 tegen
909 407 990 450 den
1024 407 1171 451 ketter
1193 408 1394 452 Nicolaas
1411 406 1652 453 Serrurier.
1678 436 1730 444 —
1751 409 1810 452 De
1842 422 1948 466 paus

325 475 452 518 zendt
472 475 570 518 hem
588 478 661 518 ten
681 476 850 518 tweede
868 477 978 518 male
996 475 1047 518 de
1066 475 1197 519 breve
1215 477 1343 519 Inter·
1357 476 1604 532 precipuas
1625 477 1945 530 solicitudineS,

325 544 503 600 waarbij
529 544 586 601 hij
615 544 712 586 hem
735 558 921 600 vroeger
938 545 1129 587 alsmede
1161 559 1244 588 aan
1269 545 1352 588 den
1386 545 1588 602 bisschop
1613 560 1698 589 van
1723 547 1951 590 Lausanne

325 614 398 655 het
422 612 546 655 bevel
570 626 765 668 gegeven
788 613 923 665 heeft,
950 613 1024 656 het
1049 614 1204 656 vonnis
1228 617 1358 670 tegen
1392 614 1615 658 Serrurier
1637 615 1950 671 uitgesproken

323 685 398 724 ten
421 682 590 725 uitvoer
614 684 657 724 te
681 681 891 738 brengen.
918 681 1144 725 Sindsdien
1168 681 1287 725 heeft
1310 682 1362 725 de
1385 696 1491 739 paus
1517 687 1604 726 met
1627 683 1865 740 verbazing
1897 698 1950 727 en

323 750 570 793 leedwezen
604 764 855 803 vernomen,
897 751 971 794 dat
1013 751 1064 794 de
1097 750 1296 807 bisschop
1321 764 1404 794 van
1430 753 1660 796 Lausanne
1686 753 1781 796 zich
1804 753 1951 797 sedert

323 819 519 876 ettelijke
557 819 768 862 maanden
793 819 929 862 onder
949 819 1117 862 allerlei
1141 820 1466 863 voorwendsels
1490 834 1572 864 aan
1597 821 1700 864 deze
1723 821 1828 865 taak
1852 823 1951 865 ont-

324 888 512 932 trokken
536 888 685 932 heeft:
724 902 781 931 nu
805 902 908 931 eens
940 887 1169 931 beweerde
1192 889 1271 946 hij,
1299 888 1371 932 dat
1404 889 1628 934 Johannes
1661 890 1713 933 de
1748 889 1949 943 Vastina‚

323 957 551 1001 kanunnik
575 971 658 1001 van
677 957 883 1009 Doornik‚
912 957 1049 1000 wiens
1082 956 1273 1014 bijstand
1317 957 1376 1014 hij
1416 957 1501 1000 had
1544 958 1825 1015 ingeroepen,
1861 958 1953 1002 niet
1998 1012 2000 1014 Ι

322 1027 593 1069 verschenen
616 1039 738 1078 was;
777 1025 861 1068 dan
886 1039 1005 1069 weer
1027 1025 1188 1069 belette
1219 1026 1319 1068 hem
1343 1026 1429 1083 zijn
1454 1025 1953 1083 gezondheidstoestand

320 1101 364 1139 te
387 1095 631 1146 handelen;
660 1096 724 1152 J'a‚
751 1095 855 1138 zelfs
879 1095 1139 1138 verklaarde
1180 1095 1239 1152 hij
1282 1096 1375 1138 zich
1415 1095 1629 1140 bevreesd
1668 1109 1778 1141 voor
1815 1109 1953 1140 eenen

322 1164 650 1221 volksopstand,
676 1164 890 1207 alhoewel
916 1164 976 1221 hij
1016 1164 1290 1221 wereldlijke
1325 1168 1448 1208 vorst
1481 1178 1588 1209 over
1610 1166 1697 1223 ziJ'n
1722 1164 1874 1222 gebied
1897 1165 1951 1218 is,

324 1248 377 1276 en
397 1234 606 1277 alhoewel
629 1233 680 1276 de
714 1233 872 1290 hertog
890 1248 973 1276 van
996 1233 1193 1291 Savoyen
1212 1233 1327 1290 zijne
1350 1235 1455 1290 hulp
1474 1234 1558 1277 had
1576 1234 1874 1291 aangeboden.
1895 1235 1954 1276 De

323 1317 429 1359 paus
452 1302 622 1346 beveelt
644 1317 718 1354 nu,
745 1302 818 1347 dat
840 1303 891 1345 de
923 1302 1182 1358 inquisiteur
1214 1302 1302 1345 zelf
1329 1303 1381 1346 de
1403 1303 1511 1346 zaak
1530 1303 1575 1346 in
1597 1303 1772 1348 handen
1796 1315 1952 1347 nemen

325 1376 453 1415 moet.
476 1373 534 1414 Te
557 1372 654 1414 dien
687 1371 812 1415 einde
845 1372 910 1414 zal
943 1372 1002 1428 hij
1030 1376 1147 1416 eerst
1169 1372 1394 1415 Johannes
1418 1372 1471 1415 de
1495 1373 1682 1416 Vastina
1705 1372 1753 1416 of
1769 1372 1953 1429 eenigen

323 1441 515 1485 anderen
534 1455 718 1497 persoon
742 1455 830 1485 van
849 1441 960 1497 zijne
977 1440 1085 1484 keus
1107 1442 1172 1484 als
1206 1444 1430 1497 promotor
1466 1442 1713 1485 aanstellen
1735 1460 1744 1496 ;
1780 1442 1865 1486 dan
1888 1441 1956 1484 zal

324 1510 382 1566 hij
408 1510 460 1553 de
483 1510 588 1566 hulp
611 1524 693 1553 van
718 1510 801 1553 den
835 1509 1034 1566 bisschop
1066 1524 1151 1553 van
1176 1512 1407 1554 Lausanne
1430 1510 1659 1568 inroepen.
1686 1512 1784 1554 Kan
1818 1509 1865 1554 of
1882 1509 1957 1553 wil

326 1580 426 1623 deze
451 1579 549 1622 hem
571 1579 662 1622 niet
695 1580 869 1635 helpen,
907 1593 982 1621 zoo
1016 1582 1131 1622 moet
1163 1579 1221 1636 hij
1248 1594 1300 1636 op
1325 1579 1476 1636 eigene
1510 1580 1627 1623 hand
1650 1579 1870 1623 handelen
1901 1593 1957 1623 en

327 1649 410 1691 alle
433 1648 609 1704 beroep,
634 1647 884 1700 voorrecht,
911 1662 1122 1705 vroegere
1146 1648 1407 1705 bepalingen
1424 1648 1473 1691 of
1484 1649 1645 1693 andere
1670 1648 1957 1705 hinderpalen

326 1718 391 1761 uit
413 1717 494 1760 den
519 1731 617 1773 weg
641 1717 826 1762 ruimen.
849 1717 917 1774 Hij
938 1721 1052 1761 moet
1070 1717 1228 1761 verder
1245 1718 1296 1760 de
1319 1718 1424 1774 hulp
1447 1731 1530 1761 van
1549 1718 1632 1761 den
1651 1717 1956 1774 wereldlijken

328 1800 436 1838 arm,
464 1800 546 1830 van
568 1787 649 1829 den
674 1787 832 1843 hertog
852 1793 938 1830 van
961 1786 1159 1844 Savoyen
1183 1786 1231 1829 of
1247 1800 1332 1830 van
1356 1786 1567 1840 anderen,
1594 1787 1744 1831 alsook
1767 1787 1820 1830 de
1851 1786 1957 1842 hulp

330 1869 416 1899 van
433 1856 517 1899 alle
535 1856 839 1912 geestelijken,
865 1855 968 1899 zelfs
992 1856 1206 1899 desnoods
1227 1869 1311 1899 van
1336 1855 1389 1899 de
1422 1854 1701 1909 bedelorden,
1728 1856 1955 1912 inroepen.

331 1926 390 1967 De
411 1939 518 1981 paus
540 1928 688 1981 spoort
719 1925 819 1969 hem
841 1928 916 1968 ten
940 1926 1069 1968 slotte
1092 1939 1190 1976 aan,
1228 1924 1322 1968 zich
1355 1925 1448 1968 niet
1470 1924 1589 1968 bloot
1619 1927 1664 1969 te
1687 1925 1844 1969 stellen
1875 1937 1960 1967 aan

331 1995 407 2036 het
430 1994 605 2051 verwijt
626 2008 709 2037 van
728 1994 1011 2050 nalatigheid,
1041 2008 1161 2037 maar
1182 1994 1288 2036 door
1309 2008 1388 2037 een
1412 1993 1616 2051 spoedige
1648 1994 1957 2051 gehoorzaam-

330 2062 429 2105 heid
447 2062 498 2105 de
521 2063 759 2120 pauselijke
782 2065 916 2119 gunst
938 2067 978 2107 te
1001 2063 1255 2108 verdienen.

334 2160 389 2194 DE
413 2159 541 2194 CURIA.
1640 2160 1684 2193 P.
1711 2159 1767 2193 DE
1791 2158 1958 2193 TRILLIA.

375 2233 557 2266 Martinus
581 2233 790 2275 episcopus,
809 2234 879 2266 etc.
899 2232 1044 2266 Dilecto
1063 2233 1141 2266 filio
1167 2233 1299 2267 Orrico
1324 2233 1369 2266 de
1395 2232 1594 2273 Torrente,
1627 2223 1770 2265 ordinis
1797 2230 1959 2264 fratrum

332 2289 624 2330 predicatorum,
640 2289 677 2320 in
694 2290 881 2321 conuentu
900 2289 1129 2322 Lausanensi
1141 2289 1360 2330 professori,
1379 2298 1421 2321 ac
1436 2289 1474 2320 in
1488 2288 1704 2328 Bisuntina‚
1721 2284 1959 2320 Lausanensi

334 2346 375 2376 et
388 2345 500 2376 certis
514 2343 599 2376 aliis
613 2344 829 2376 ciuitatibus
857 2345 895 2377 et
911 2343 1123 2377 diocesibus
1140 2343 1309 2377 heretice
1322 2344 1523 2385 prauitatis
1543 2342 1774 2384 inquisitori,
1795 2341 1956 2375 salutem

334 2401 372 2432 et
388 2399 633 2440 apostolicam
650 2398 965 2431 benedictionem.

378 2454 457 2486 Etsi
474 2454 512 2485 in
526 2453 756 2494 quibuslibet
780 2453 902 2486 causis
915 2454 952 2486 et
969 2453 1136 2496 negociis
1160 2453 1206 2486 ad
1230 2454 1355 2485 forum
1386 2452 1581 2495 spirituale
1606 2451 1886 2495 pertinentibus
1914 2459 1961 2484 ex

332 2510 500 2541 iniuncto
519 2509 626 2541 nobis
639 2508 839 2550 pastoralis
856 2508 970 2540 officii
991 2508 1116 2541 debito
1142 2509 1330 2541 iusticiam
1347 2508 1612 2542 administrare
1633 2509 1672 2541 et
1704 2505 1962 2541 administrari

334 2566 460 2597 facere
473 2565 681 2603 teneamur,
706 2564 744 2596 in
769 2564 890 2596 causis
907 2565 1031 2596 tamen
1060 2564 1097 2596 et
1120 2563 1289 2606 negociis
1320 2564 1433 2596 fidem
1461 2563 1688 2597 catholicam
1715 2561 1960 2606 tangentibus

336 2620 441 2652 illam
458 2621 561 2652 tanto
579 2619 777 2652 ardencius
790 2619 973 2660 cupimus,
990 2620 1028 2651 vt
1044 2619 1230 2659 tenemur,
1240 2618 1420 2652 exhibere
1433 2620 1471 2652 et
1487 2618 1659 2652 exhiberi
1672 2617 1960 2660 facere,quanto

338 2684 383 2708 ex
401 2675 518 2716 ipsius
535 2675 737 2707 omissione
754 2674 915 2708 maiores
932 2674 1084 2708 hereses
1108 2675 1146 2708 et
1158 2683 1307 2708 errores
1324 2674 1362 2707 in
1380 2673 1450 2708 Dei
1467 2674 1628 2708 ecclesia
1643 2673 1849 2717 prouenire
1865 2681 1961 2706 con-

340 2731 528 2773 spicimus.

384 2787 532 2819 Dudum
563 2787 747 2827 siquidem
785 2786 937 2819 hereses
980 2795 1202 2828 omnemque
1240 2786 1461 2820 infectiuam
1500 2785 1709 2819 doctrinam
1736 2793 1780 2818 ac
1811 2791 1961 2817 errores

340 2841 527 2881 quoslibet
550 2851 618 2883 per
649 2841 834 2883 quendam
862 2841 1060 2874 Nicolaum
1085 2842 1294 2875 Serrurarii
1323 2841 1466 2875 ordinis
1497 2841 1659 2874 fratrum
1689 2839 1962 2873 heremitarum

339 2897 459 2929 sancti
474 2897 676 2939 Augustini
693 2897 731 2929 in
749 2896 939 2929 nonnullis
952 2897 1159 2930 Galliarum
1175 2897 1345 2938 partibus
1370 2896 1641 2940 dogmatizatos
1668 2904 1690 2928 a
1706 2895 1776 2928 Dei
1789 2893 1962 2932 ecclesia,

340 2961 386 2984 ne
403 2951 611 2984 sediciones
624 2952 662 2985 et
677 2952 853 2985 scandala
870 2952 908 2984 in
921 2951 1126 2985 christiano
1144 2952 1282 2994 populo
1316 2952 1520 2992 orirentur,
1547 2951 1698 2984 abicere
1729 2950 1767 2984 et
1794 2948 1964 2983 funditus

340 3007 531 3048 extirpare
545 3007 750 3048 cupientes,
768 3006 977 3040 venerabili
994 3006 1195 3040 Guillelmo
1212 3007 1387 3050 episcopo
1401 3006 1633 3041 Lausanensi
1655 3006 1694 3039 et
1716 3004 1800 3048 tibi,
1828 3003 1964 3039 vestris

342 3062 553 3095 nominibus
577 3072 651 3095 non
676 3062 876 3105 expressis,
894 3061 1042 3097 litteras
1059 3063 1205 3096 nostras
1219 3062 1426 3098 direximus
1441 3062 1510 3097 sub
1523 3060 1598 3096 hiis
1613 3060 1738 3096 verbis
1755 3070 1765 3096 τ
