2050 3470
311 266 376 298 202
1006 260 1143 294 ANNO
1169 258 1252 291 1417

312 375 461 408 centum
488 372 727 406 marcharum
756 371 822 404 fini
846 369 995 413 argenti
1019 369 1118 419 dicte
1136 369 1241 403 curie
1266 370 1394 404 nostre
1423 371 1731 414 applicandarum
1753 375 1792 407 et
1808 374 1846 408 in
1862 376 1945 419 pios

309 440 398 463 usus
413 429 705 471 erogandarum,
725 435 771 459 ne
784 426 1056 468 premissorum
1074 425 1271 458 occasione
1296 425 1439 466 aliquid
1457 428 1588 460 contra
1605 428 1746 462 dictum
1764 429 1945 464 clericum

310 486 411 518 circa
426 491 626 526 personam
652 480 712 514 vel
729 482 828 514 bona
842 481 1010 522 ejusdem
1034 480 1226 519 innovent,
1241 481 1455 522 immutent,
1472 483 1707 525 attemptent,
1727 485 1943 528 decernant,

310 540 488 579 statuant,
509 538 678 579 J'udicent
695 536 733 568 in
747 535 920 577 aliquove
937 535 1143 576 procedant
1159 534 1281 576 ipsum
1299 535 1493 577 capiendo,
1511 538 1691 578 vexando,
1711 538 1944 574 molestando

310 597 375 628 aut
393 593 495 627 aliud
514 592 687 625 faciendo
707 599 771 623 seu
783 591 874 623 sieri
887 590 1138 632 procurando,
1157 590 1255 631 quod
1269 590 1318 622 sit
1330 590 1388 623 vcl
1406 599 1485 624 esse
1503 593 1620 633 possit
1635 593 1674 626 in
1691 595 1818 628 nostre
1833 597 1944 637 juris·

310 649 486 682 dictionis
504 646 763 680 ecclesiastice
781 645 1034 687 prejudicium
1059 644 1325 687 privilegiique
1343 644 1529 679 clericalis
1556 648 1783 690 vituperium
1801 652 1838 684 et
1854 652 1944 685 dicti

310 704 439 737 clerici
458 704 676 744 dampnum,
695 701 874 742 injuriam
892 708 956 733 seu
974 708 1197 742 gravamen3
1228 700 1316 740 quid
1348 701 1435 734 inde
1453 702 1620 735 feceritis
1647 705 1754 737 nobis
1780 705 1945 740 fideliter

310 761 573 794 rescribentes

352 815 395 848 In
423 815 529 855 qu'us
562 813 619 846 rei
643 812 901 845 testimonium
933 811 1101 854 sigillum
1135 820 1283 845 camere
1312 812 1438 846 nostre
1466 814 1703 855 presentibus
1730 815 1868 849 litteris
1889 816 1947 849 est

310 879 528 912 appensum.

354 927 491 958 Datum
516 925 553 958 et
572 925 699 957 actum
718 923 881 956 Tornaci
898 923 937 955 in
955 923 1041 956 aula
1057 923 1267 965 paramenti
1292 924 1423 956 domus
1441 925 1568 957 nostre
1585 924 1821 967 episcopalis,
1846 934 1943 959 anno

310 981 461 1014 Domini
490 981 544 1013 Mo
561 978 677 1013 CCCC
695 978 834 1020 XVII0,
858 979 955 1012 feria
983 979 1096 1011 tertia
1118 979 1203 1020 post
1230 979 1368 1011 festum
1391 979 1668 1021 Assumptionis
1691 980 1800 1014 beate
1823 980 1944 1014 Marie

309 1036 478 1079 virginis.

655 1092 918 1135 Rijksarchief
942 1102 1011 1126 van
1041 1093 1212 1136 Brussel‚
1231 1091 1440 1128 Cartulairc
1456 1092 1502 1128 de
1518 1092 1673 1128 l’e‘vcche
1697 1094 1743 1129 de
1764 1095 1942 1138 Tournai,

700 1150 726 1182 t.
745 1147 802 1183 III
816 1149 931 1190 (Man.
948 1147 1018 1192 56),
1036 1148 1101 1181 fol.
1116 1148 1171 1181 46.

958 1298 1055 1342 129
1095 1293 1293 1356 (esem).

364 1426 493 1479 1417,
529 1428 767 1485 Auyustus
799 1430 869 1479 20,
910 1426 1037 1471 Gent.
1065 1427 1364 1483 Verzachting
1397 1426 1502 1470 door
1526 1428 1610 1470 Jan
1637 1441 1722 1471 van
1757 1428 1936 1486 Thoisy,

306 1498 504 1554 bisschop
526 1511 609 1541 van
631 1497 837 1548 Doornik,
867 1501 1123 1553 toegestaan
1158 1510 1240 1539 aan
1267 1496 1348 1538 den
1374 1495 1728 1551 gebanvloekten
1752 1497 1941 1554 priester

304 1568 494 1611 Richard
513 1568 568 1611 du
591 1568 803 1623 Crocquet
827 1567 870 1610 in
894 1567 1008 1623 zijne
1031 1565 1268 1622 opgelegde
1292 1564 1608 1621 boetedoening
1634 1579 1643 1609 :
1680 1566 1791 1623 zijne
1811 1566 1940 1610 bede-

302 1640 430 1680 vaart
461 1637 528 1679 zal
551 1637 610 1694 hij
648 1650 801 1693 mogen
825 1636 935 1679 doen
960 1649 1067 1678 naar
1099 1634 1150 1677 de
1174 1634 1301 1690 kapel
1335 1646 1417 1677 van
1441 1634 1491 1678 Ο.
1513 1636 1561 1679 L.
1589 1635 1755 1679 Vrouw
1779 1649 1831 1692 op
1855 1636 1938 1679 den

304 1706 432 1749 Zavel
470 1709 514 1749 te
553 1706 731 1750 Brussel
776 1705 818 1748 in
855 1704 975 1748 stede
1014 1718 1099 1747 van
1138 1718 1248 1747 naar
1284 1704 1335 1746 de
1379 1703 1428 1747 Ο.
1469 1705 1518 1747 L.
1554 1704 1860 1748 Vrouwekerk
1892 1707 1937 1749 te

302 1779 334 1820 's
357 1778 719 1834 Hertogenbosch
743 1780 787 1821 te
808 1781 980 1820 moeten
1014 1776 1179 1819 reizen.
1203 1801 1257 1807 —
1283 1776 1358 1818 Die
1379 1775 1568 1832 priester
1603 1789 1695 1820 was
1727 1776 1833 1819 door
1853 1776 1936 1822 den

302 1846 502 1902 bisschop
535 1846 817 1890 veroordeeld
850 1846 1086 1903 geworden
1120 1845 1165 1888 in
1202 1845 1380 1902 overleg
1423 1848 1511 1889 met
1550 1845 1632 1888 den
1665 1845 1937 1903 pauselijken

301 1915 561 1971 inquisiteur
598 1915 642 1958 in
694 1917 724 1960 ’t
769 1914 1023 1972 koninkrijk
1065 1913 1321 1972 Frankrijk‚
1368 1914 1451 1958 den
1489 1913 1751 1970 predikheer
1789 1915 1937 1959 Pieter

301 1984 476 2028 Floure.

301 2079 446 2114 Littera
467 2081 708 2125 mitiyatz'onz's
735 2082 846 2125 viayz'z'
873 2080 1033 2125 predicti
1049 2090 1120 2125 per
1149 2081 1290 2114 dictum
1314 2080 1511 2114 dominum
1541 2081 1753 2125 episcopum
1773 2081 1935 2124 qratiose

1020 2146 1202 2170 concessa.

343 2204 365 2236 J
370 2203 550 2245 ohannes,
568 2204 812 2238 miseratione
831 2204 956 2238 divina
969 2204 1218 2237 Tornacensis
1232 2203 1443 2246 episeopus,
1458 2202 1596 2236 dilecto
1611 2202 1718 2236 nobis
1731 2203 1771 2236 in
1784 2202 1932 2236 Christo

300 2258 493 2292 Richardo
523 2260 572 2292 du
601 2259 799 2301 Crocquet‚
836 2260 988 2300 clerico,
1018 2259 1166 2292 subdito
1200 2260 1238 2292 et
1267 2258 1489 2301 justiciabili
1521 2259 1664 2301 nostro,
1702 2258 1862 2292 salutem
1894 2259 1934 2292 in

301 2314 472 2347 Domino.

345 2370 437 2402 Cum
462 2379 581 2412 nuper
598 2371 795 2404 occasione
818 2373 1008 2404 certorum
1025 2370 1251 2404 delictorum
1268 2380 1289 2403 a
1306 2370 1343 2403 te
1360 2370 1659 2410 commissorum,
1677 2370 1834 2411 propter
1860 2378 1933 2411 que

300 2425 526 2458 sententiam
540 2427 940 2460 excommunicationis
954 2428 992 2459 et
1005 2426 1097 2459 alias
1111 2435 1226 2468 penas
1240 2426 1467 2467 incurreras,
1477 2425 1522 2458 de
1536 2424 1932 2458 consilio—venerabilis

301 2482 339 2512 et
356 2480 527 2523 religiosi
544 2482 615 2514 viri
640 2482 814 2524 magistri
843 2483 948 2515 Petri
974 2482 1126 2521 Floure,
1145 2482 1288 2514 ordinis
1315 2481 1477 2513 fratrum
1504 2481 1797 2521 predicatorum,
1826 2489 1932 2513 sacre

300 2534 493 2578 theologie
532 2538 770 2578 professoris,
802 2538 1036 2579 inquisitoris
1075 2537 1242 2569 heretice
1274 2536 1470 2578 pravitatis
1507 2545 1576 2577 per
1614 2537 1735 2568 totum
1770 2545 1931 2579 regnum

301 2590 459 2624 Francie
473 2591 680 2632 apostolica
696 2593 921 2625 auctoritate
935 2591 1150 2634 specialiter
1163 2592 1392 2633 deputati,te
1409 2589 1620 2623 sentialiter
1637 2591 1930 2632 condempnave-

300 2645 417 2677 rimus
431 2646 477 2678 ad
492 2646 746 2679 accedendum
763 2656 923 2689 peregre
943 2648 980 2680 et
1003 2645 1256 2688 personaliter
1283 2646 1321 2678 in
1338 2645 1520 2679 honorem
1545 2646 1616 2678 Dei
1633 2647 1670 2679 et
1682 2646 1791 2679 beate
1813 2646 1930 2680 Marie

299 2700 457 2742 virginis
483 2701 579 2733 acin
608 2702 870 2734 remissionem
887 2702 1146 2744 peccaminum
1170 2701 1217 2734 ad
1244 2701 1470 2733 visitandum
1493 2700 1624 2733 limina
1648 2700 1806 2734 ecclesie
1831 2701 1930 2734 dicte

300 2755 409 2787 beate
427 2756 547 2789 Marie
564 2757 722 2799 virginis
741 2758 786 2789 de
804 2757 925 2789 Busco
945 2757 1058 2790 Ducis
1075 2757 1113 2789 in
1133 2757 1350 2797 Brabantia,
1369 2757 1406 2789 te
1423 2757 1468 2789 ab
1485 2755 1701 2797 hujusmodi
1718 2765 1928 2789 exeommu-

300 2811 500 2843 nicationis
529 2812 717 2844 sententia
745 2812 987 2851 absolvendo,
1013 2813 1207 2845 reservata
1235 2812 1342 2844 nobis
1376 2811 1591 2853 specialiter
1618 2812 1805 2853 potestate
1831 2811 1928 2843 miti-

299 2866 426 2906 gandi,
452 2866 634 2906 mutandi,
660 2866 868 2907 relaxandi,
888 2868 999 2909 prout
1012 2867 1084 2900 hoc
1100 2868 1137 2899 et
1154 2866 1229 2900 alia
1246 2867 1284 2899 in
1301 2867 1401 2899 dicta
1424 2867 1553 2899 nostra
1577 2866 1763 2899 sententia
1779 2866 1926 2908 plenius

299 2921 557 2963 continentum
583 2924 620 2954 et
637 2923 683 2954 de
700 2923 784 2963 post
801 2922 908 2954 nobis
933 2922 1128 2955 humiliter
1156 2921 1437 2963 supplicaveris,
1462 2922 1504 2953 ut
1527 2921 1692 2963 viagium
1716 2921 1927 2962 predictum

299 2977 444 3008 mutare
468 2978 506 3010 ct
522 2977 717 3012 abreviarc
742 2978 1014 3022 dignarcmur3
1041 2987 1107 3012 nos
1124 2977 1254 3022 igitur,
1279 2986 1384 3010 more
1401 2977 1454 3019 pii
1486 2976 1604 3019 patris
1627 2976 1925 3010 misericordiam
