2050 3470
802 226 941 262 ANNO
969 226 1052 261 1419
1685 227 1746 262 231

109 339 215 384 door
246 339 328 383 den
361 339 588 396 patriarch
620 353 704 383 van
739 338 1097 395 Constantinopel
1129 340 1258 395 tegen
1290 338 1492 383 Nicolaas
1523 338 1748 383 Serrurier

108 409 438 467 uitgesproken.
480 434 533 442 —
578 410 676 453 Van
725 408 799 452 het
842 408 1022 464 geheele
1053 408 1398 464 beroepsgeding
1432 407 1539 452 voor
1570 409 1622 452 de
1654 409 1747 452 drie

105 479 364 523 kardinalen
389 478 509 522 werd
533 479 641 522 door
663 478 744 521 den
771 477 937 521 notaris
973 478 1163 520 Herman
1201 477 1445 529 Lutkehns‚
1491 477 1617 521 klerk
1661 493 1745 522 van

104 549 322 601 Munster,
338 546 389 591 de
413 547 651 592 notariee'le
672 551 769 591 acte
791 546 1052 604 opgemaakt
1075 560 1130 590 en
1152 546 1258 589 door
1281 546 1380 590 hem
1397 547 1741 593 onderteekend.

150 628 194 662 IN
223 636 363 662 ΝοΜιΝΕ
392 627 544 660 Domini
569 636 691 661 amen.

149 683 375 726 Vnigenitus
393 683 462 716 Dei
481 682 593 724 filius,
623 683 728 716 cuius
757 681 878 716 liuore
906 682 1026 716 sanati
1045 692 1172 715 sumus
1201 683 1239 716 et
1270 683 1464 725 sanguinis
1482 684 1586 717 fonte
1609 685 1745 725 renati,

105 739 207 772 solus
220 748 325 772 suam
339 739 514 771 fundauit
527 737 740 777 ecclesiam,
755 748 869 780 supra
883 740 1027 780 petram
1044 738 1130 771 fidei
1148 747 1234 770 mox
1253 739 1441 771 nascentis
1468 740 1602 779 erexit,
1619 740 1745 772 beato-

107 804 181 836 que
209 794 325 828 Petro
360 793 618 836 apostolorum
651 793 827 835 principi,
853 795 983 826 eterne
1008 794 1082 826 vite
1116 793 1323 836 clauigero,
1357 793 1507 827 celestis
1535 796 1574 827 et
1602 796 1742 836 terrcnj

105 848 217 883 simul
245 849 397 891 imperij
415 849 502 890 jura
534 849 734 888 commisit,
754 849 943 890 dispersos
960 848 1078 881 Israel
1107 849 1152 881 ad
1183 848 1282 882 ouile
1307 859 1414 882 suum
1443 850 1654 883 ministerio
1679 859 1745 883 sue

105 905 290 948 passionis
311 905 502 950 reductus,
518 903 661 946 ligandi
686 905 798 944 atque
816 903 987 936 soluendi
1012 904 1083 936 sibi
1108 905 1146 937 et
1162 904 1199 936 in
1216 913 1259 936 co
1278 904 1353 937 suis
1371 905 1650 938 successoribus
1668 908 1745 938 tra-

106 961 185 993 dito
202 960 430 1002 principatu.
448 959 687 1001 Quapropter
703 959 876 992 Romano
894 959 1078 1000 pontifici,
1093 959 1262 992 eiusdem
1276 960 1458 1001 principis
1472 960 1510 992 in
1527 961 1742 1002 principatu

106 1015 323 1049 huiusmodi
356 1015 580 1053 successori,
613 1014 683 1046 hee
709 1014 838 1056 vigilie
858 1015 1036 1056 precipue
1063 1014 1207 1054 sedulo,
1231 1015 1388 1057 jugique
1405 1015 1528 1048 studio
1546 1015 1746 1048 imminent

104 1070 312 1113 apostolice
330 1070 538 1109 seruitutis,
572 1070 610 1101 vt
638 1068 838 1102 ecclesiam
870 1070 989 1110 ipsam
1022 1079 1197 1111 sponsam
1230 1079 1335 1102 suam
1368 1079 1466 1102 nouo
1499 1080 1648 1112 semper
1665 1072 1744 1104 fetu

104 1125 344 1168 multiplicet,
362 1124 728 1167 multiplicatamque
745 1125 783 1156 in
801 1125 919 1166 ipsius
933 1125 1168 1167 integritate,
1187 1135 1271 1157 cum
1289 1126 1410 1158 mater
1427 1126 1476 1157 sit
1488 1125 1636 1159 illibata
1660 1126 1742 1159 sine

103 1180 252 1215 macula
268 1182 306 1214 et
323 1190 432 1223 ruga,
457 1181 566 1213 extra
582 1189 694 1221 quam
712 1179 837 1212 nullus
854 1180 1006 1221 proficit
1023 1180 1068 1212 ad
1087 1179 1260 1220 salutem,
1280 1180 1420 1222 absque
1439 1181 1580 1214 erroris
1594 1190 1742 1223 preser-

104 1236 173 1269 tim
187 1235 332 1269 heresis
357 1236 626 1268 commixtione
643 1234 865 1267 inuiolatam
884 1236 1098 1268 conseruet.
1747 1267 1750 1272 ,

148 1291 245 1325 Sane
263 1291 410 1333 pridem
428 1291 473 1323 ad
502 1291 741 1323 sacrosancte
759 1291 797 1323 et
813 1289 1004 1332 generalis
1029 1291 1163 1332 synodi
1182 1290 1479 1324 Constantiensis
1493 1291 1743 1325 vniversalcm

106 1346 177 1380 Dei
202 1345 401 1380 ecclesiam
425 1345 737 1387 representantiS,
766 1354 834 1387 pro
862 1346 1139 1379 reformacione
1157 1355 1305 1379 morum
1330 1355 1372 1379 ac
1389 1345 1564 1380 heresum
1582 1347 1744 1389 extirpa-

106 1402 211 1436 tione
227 1402 266 1435 in
281 1401 423 1443 Spiritu
438 1401 572 1434 Sancto
591 1400 762 1443 legitime
780 1402 1025 1444 congregate,
1055 1402 1144 1434 sede
1169 1401 1376 1443 apostolica
1407 1404 1557 1443 pastore
1575 1404 1743 1443 carente,

108 1457 245 1500 primo,
275 1458 313 1490 et
330 1457 465 1490 deinde
491 1457 536 1489 ad
554 1456 781 1489 sanctissimi
806 1456 844 1488 in
875 1456 1023 1489 Christo
1052 1457 1171 1498 patris
1200 1458 1239 1489 et
1265 1457 1408 1490 domini
1441 1458 1572 1498 nostri,
1600 1458 1742 1490 domini

106 1512 276 1555 Martinj,
316 1512 446 1545 diuina
480 1511 722 1554 prouidentia
757 1520 854 1553 pape
893 1512 1028 1553 quinti,
1069 1513 1115 1544 ad
1154 1512 1300 1554 apicem
1341 1513 1476 1545 summi
1508 1513 1742 1555 apostolatus

102 1568 298 1610 assumpti,
317 1567 526 1600 clamorosa
543 1566 853 1608 lamentabilique
870 1576 960 1600 voc-e
978 1566 1244 1600 nonnullorum
1271 1568 1504 1609 prelatorum
1519 1570 1557 1601 et
1579 1568 1741 1601 aliorum

102 1622 181 1657 zelo
196 1623 266 1656 Dei
282 1623 513 1656 feruentium
527 1623 573 1656 de
590 1622 761 1664 partibus
779 1621 913 1663 Gallie,
939 1623 978 1654 vt
1002 1623 1215 1663 didicimus,
1234 1624 1411 1665 peruenit
1427 1624 1611 1664 auditum,
1641 1624 1740 1665 quod

101 1679 255 1720 quidam
271 1679 392 1712 frater
415 1677 595 1712 Nicolaus
613 1677 836 1720 Serrurarij,
856 1678 1000 1710 ordinis
1024 1679 1185 1711 fratrum
1213 1678 1486 1712 heremitarum
1515 1679 1635 1713 sancti
1666 1678 1740 1712 Au·

101 1734 256 1777 gustini,
273 1735 405 1767 eontra
421 1733 632 1766 doctrinam
650 1732 811 1775 apostoli
839 1733 924 1775 plus
956 1743 1090 1776 sapere
1118 1734 1247 1767 volens
1264 1730 1376 1775 quam
1393 1736 1555 1776 oportet,
1574 1735 1739 1768 tunicam

100 1789 253 1823 Domini
270 1788 535 1822 inconsutilem
553 1789 726 1822 scindere
751 1788 905 1822 molitus
922 1790 992 1830 est,
1018 1789 1197 1822 zizaniam
1224 1789 1435 1831 iniquitatis
1453 1791 1578 1823 satore
1607 1799 1739 1832 procu-

97 1846 219 1885 rante,
237 1844 276 1877 in
305 1854 378 1877 non
397 1845 586 1877 modicum
611 1844 842 1877 sinceritatis
875 1845 964 1877 fidei
991 1844 1201 1878 orthodoxe
1229 1846 1268 1878 et
1298 1845 1498 1888 religionis
1528 1845 1736 1878 christiane

98 1900 283 1934 iacturam
296 1900 516 1934 seminando
545 1909 600 1940 ac,
619 1900 719 1941 quod
744 1900 996 1933 execrabilius
1025 1901 1083 1933 est
1099 1901 1245 1942 auditu,
1263 1901 1444 1942 quasdam
1462 1910 1643 1934 erroneas
1661 1902 1699 1934 et
1716 1911 1739 1934 a

98 1955 172 1989 fide
208 1955 339 1989 deuias
378 1955 563 1997 bonisque
595 1955 764 1988 moribus
792 1956 1003 1989 contrarias
1031 1956 1279 1996 asserciones,
1307 1956 1346 1989 in
1377 1956 1505 1990 diuine
1529 1956 1738 1990 maiestatis

98 2011 279 2044 offensam
311 2011 462 2053 publice
490 2011 536 2043 ad
566 2010 747 2052 populum
780 2019 952 2044 asserere
985 2012 1024 2044 et
1055 2012 1311 2054 dogmatizare
1339 2021 1413 2044 non
1446 2012 1660 2045 verebatur.
1679 2012 1736 2045 Ne

97 2067 225 2100 autem
241 2075 313 2099 vna
338 2066 419 2099 ouis
444 2066 618 2099 morbida
635 2067 755 2099 totum
773 2075 932 2109 gregem
949 2066 1134 2107 inficeret,
1164 2066 1399 2109 populusque
1418 2067 1497 2100 Deo
1522 2068 1681 2101 deuotus
1697 2068 1736 2101 in

97 2121 182 2165 lege
196 2122 348 2155 Domini
366 2121 591 2164 simpliciter
603 2122 762 2155 caritate
779 2131 854 2154 non
868 2122 957 2154 fieta
969 2122 1179 2163 ambulans,
1194 2121 1523 2165 pseudoprophete
1536 2123 1736 2156 attendens

95 2176 322 2211 illabaretur
339 2178 385 2210 ad
410 2177 527 2210 vetita
543 2177 969 2219 contaminarenturque
987 2179 1128 2219 sancta,
1154 2179 1192 2211 et
1209 2178 1337 2220 plures
1355 2179 1401 2211 de
1419 2178 1584 2212 vanitate
1601 2188 1736 2212 conue-

96 2232 223 2266 nirent
245 2233 284 2265 in
310 2233 488 2274 idipsum,
514 2233 663 2274 prefata
687 2235 926 2266 sacrosancta
954 2233 1107 2266 sinodus
1135 2233 1326 2276 generalis
1357 2234 1494 2275 primo,
1523 2243 1566 2267 ac
1598 2234 1736 2267 deinde

95 2287 216 2321 dictus
233 2289 363 2320 noster
379 2297 488 2330 papa,
514 2297 606 2321 eura
633 2288 813 2330 peruigili
842 2287 1093 2331 diligentique
1112 2289 1301 2330 exquisita
1324 2289 1429 2322 iuxta
1456 2290 1626 2322 veritatis
1655 2299 1734 2323 ver-

94 2343 181 2376 bum
202 2352 210 2376 :
243 2343 370 2376 Arbor
394 2352 467 2384 que
485 2352 559 2376 non
577 2343 669 2376 facit
685 2344 850 2376 fructum
882 2344 1023 2377 bonum
1055 2345 1252 2377 excidetur
1275 2346 1314 2377 et
1334 2345 1373 2377 in
1396 2345 1523 2387 ignem
1546 2345 1732 2386 mittetur,

92 2398 422 2439 infructuososque
454 2398 631 2440 palmites
656 2399 847 2432 instruens
873 2399 1131 2439 succidendOS,
1161 2401 1200 2433 et
1226 2402 1265 2432 vt
1288 2400 1333 2433 de
1368 2400 1562 2442 premissis
1593 2401 1732 2433 veritas

92 2453 380 2493 dilucidaretur‚
400 2455 514 2495 prout
538 2454 633 2486 tanti
657 2455 799 2497 negotij
830 2455 951 2497 exigit
975 2455 1150 2496 qualitas,
1176 2455 1339 2496 fideique
1357 2455 1566 2489 orthodoxe
1584 2465 1731 2490 conser-

93 2510 248 2542 uaretur
261 2509 473 2548 sinceritas,
492 2517 562 2542 nee
586 2509 654 2542 sub
672 2509 977 2543 (lissimulacione
1002 2511 1100 2542 sicco
1118 2511 1213 2552 pede
1230 2511 1422 2544 videretur
1438 2510 1645 2551 ambulare,
1663 2520 1732 2553 per

91 2572 178 2597 suas
205 2563 389 2606 speciales
418 2564 716 2607 commissiones,
746 2574 876 2598 omnes
909 2566 947 2599 et
970 2565 1139 2608 singulas
1167 2575 1312 2605 causaS,
1345 2575 1418 2607 que
1450 2566 1730 2600 ventilabantur

92 2620 224 2652 contra
240 2628 496 2661 quoscumque
514 2618 740 2653 adherentes
755 2621 956 2662 dampnate
971 2621 1153 2654 memorie
1167 2620 1331 2663 Johannj
1347 2620 1500 2655 Wicleff
1510 2623 1548 2655 et
1562 2621 1728 2656 Johanni

92 2674 192 2708 Huss
221 2683 428 2716 eorumque
455 2683 635 2715 sequaces
659 2677 697 2708 et
720 2676 900 2716 fautores,
919 2686 962 2709 ac
987 2685 1241 2718 quascumque
1259 2685 1401 2717 causaS,
1419 2686 1487 2719 pro
1504 2678 1612 2719 parte
1624 2677 1728 2711 insti-

91 2731 267 2772 gatorum
285 2731 324 2763 et
346 2732 621 2772 promotorum,
640 2731 772 2764 contra
788 2732 974 2771 tenentes,
993 2732 1234 2773 predicantes
1251 2731 1308 2765 vel
1328 2732 1624 2775 dogmatizantes
1642 2734 1726 2765 doc-

92 2785 230 2817 trinam
248 2786 287 2818 et
310 2787 452 2818 sectam
469 2785 727 2827 predictorum
758 2785 944 2820 Johannis
968 2786 1125 2819 &Violeff
1146 2788 1183 2820 et
1199 2786 1386 2820 «Iohannis
1402 2787 1498 2821 Huss
1515 2788 1726 2830 deputatas,

91 2848 134 2873 ac
147 2840 262 2873 etiam
279 2840 325 2873 ad
343 2840 562 2873 instantiam
580 2842 618 2874 et
641 2841 864 2882 petitionem
881 2842 1083 2875 reuerendi
1100 2842 1219 2884 patris
1236 2842 1378 2875 domini
1402 2843 1568 2886 episcopi
1583 2843 1725 2877 Torna-

91 2895 225 2935 censis,
251 2896 364 2937 atque
394 2895 568 2938 magistri
607 2895 714 2929 Petri
750 2896 901 2937 Floure,
928 2906 1034 2930 sacre
1070 2896 1263 2940 theologie
1291 2898 1529 2940 professoris,
1554 2897 1723 2933 heretice

92 2951 291 2994 prauitatis
302 2951 539 2995 ,inquisitoris
556 2951 594 2985 in
611 2951 807 2995 prouincia
823 2952 1004 2987 Remensi
1023 2961 1066 2987 ac
1079 2953 1233 2987 ciuitate
1253 2954 1292 2988 et
1318 2953 1459 2988 diocesi
1477 2953 1723 2998 Tornacensi,
