2050 3470
787 258 925 294 ANNO
952 258 1037 292 1419
1665 258 1731 292 409

86 371 282 415 contingat
298 370 336 404 in
360 369 579 404 scandalum
592 369 752 404 ecclesie
771 371 808 403 et
832 371 965 405 contra
978 370 1067 404 fidei
1084 370 1284 404 veritatem
1301 369 1563 412 bonorumque
1580 378 1728 403 morum

87 426 406 470 periculosissime
435 427 616 460 seducere
642 427 679 460 et
695 435 946 466 commovere,
962 428 1000 460 et
1013 427 1066 468 ut,
1081 427 1201 460 donec
1225 427 1420 468 appareat,
1446 435 1493 459 an
1518 426 1556 459 in
1574 425 1658 459 luce
1683 436 1730 459 an

86 483 126 516 in
150 483 318 517 tenebris
349 482 529 522 ambulet,
564 491 652 515 eum
676 483 1002 520 incarcerandum‚
1030 491 1126 524 pane
1159 482 1334 514 dolorum
1363 483 1400 514 et
1425 491 1523 523 aqua
1555 483 1729 525 augustie

88 537 388 579 sustentandum,
413 539 455 570 ut
487 538 688 571 commissa
714 538 852 571 defleat
879 539 917 571 et
946 538 1071 571 flenda
1095 537 1255 570 ulterius
1284 547 1358 570 non
1383 537 1595 570 committat
1619 539 1670 576 et,
1699 537 1730 569 si

87 594 231 628 saniori
247 602 337 627 usus
354 592 512 626 consilio
540 593 631 626 velit
648 593 694 626 ad
723 594 909 626 unitatem
939 593 1098 626 ecclesie
1122 602 1218 635 puro
1247 594 1361 625 corde
1391 594 1428 625 et
1455 593 1527 625 fide
1554 602 1627 625 non
1645 593 1734 626 ficta

89 650 230 692 redire,
248 657 335 682 eum
360 649 406 681 ad
425 649 691 690 abiurandum,
709 649 962 682 revocandum
991 650 1028 682 et
1056 649 1320 681 detestandum
1348 657 1498 681 omnem
1526 648 1734 682 hereticam

87 706 312 748 pravitatem
338 705 375 738 et
391 705 593 745 presertim
617 713 765 737 exnunc
783 704 1028 737 tractatulum
1053 706 1090 736 et
1118 704 1379 736 conclusiones
1412 705 1575 736 assertas
1604 713 1731 746 supra-

89 761 210 794 dictos
229 760 437 793 secundum
454 760 615 793 formam
634 760 758 793 eidem
772 768 840 801 per
858 769 925 792 nos
951 760 1220 801 assignandam
1247 758 1398 801 publice
1416 760 1454 792 et
1471 758 1734 800 sollempniter

89 814 393 857 compellendum
417 815 500 846 fore
526 816 564 847 et
588 814 853 857 compellimus
873 825 882 855 ;
907 824 1021 857 porro
1040 815 1206 857 pensatis
1231 815 1526 847 circumstantiis
1556 814 1731 857 singulis,

89 870 353 904 interdicimus
385 870 470 909 sibi,
494 870 618 911 quoad
643 871 793 909 vixerit,
813 871 997 912 civitates,
1024 870 1136 911 opida
1163 871 1201 903 et
1225 870 1394 902 dioceses
1418 870 1611 911 provincie
1630 869 1734 902 Colo-

92 926 234 959 niensis
258 926 423 959 maxime
441 926 623 958 diocesim
643 926 940 966 Traiectensem‚
957 935 1003 958 ne
1021 926 1067 958 ad
1086 935 1148 959 eas
1166 926 1344 967 deinceps
1362 926 1517 959 accedat
1541 925 1598 957 vel
1623 926 1735 958 attin-

93 982 170 1024 gat,
197 982 330 1023 quovis
348 981 496 1022 quesito
511 980 652 1020 colore,
668 982 735 1014 sub
749 990 848 1023 pena
871 984 1055 1023 perpetue
1069 981 1381 1014 incarcerationis
1395 981 1477 1013 sine
1493 990 1559 1022 spe
1577 981 1737 1014 alicuius

92 1037 328 1070 remissionis
342 1045 489 1069 necnon
504 1036 589 1069 aliis
608 1037 702 1070 iuris
715 1037 835 1078 penis,
854 1046 946 1078 quas
972 1037 1052 1078 ipso
1071 1038 1171 1069 facto
1190 1037 1371 1075 incurrat,
1387 1037 1419 1068 si
1444 1038 1576 1069 contra
1604 1037 1739 1069 fecerit

92 1094 131 1125 et
155 1094 334 1125 noscatur
364 1093 600 1134 incurrisse;
631 1092 662 1124 si
691 1101 780 1125 vero
807 1092 852 1125 ad
878 1093 997 1134 ipsam
1033 1092 1193 1125 ecclesie
1222 1093 1407 1124 unitatem
1424 1102 1470 1124 ex
1499 1092 1612 1125 corde
1642 1101 1736 1133 puro

93 1157 167 1180 non
192 1148 345 1181 rediens
369 1149 407 1180 et
435 1148 728 1187 abiurationem,
762 1148 1057 1187 revocationem,
1080 1148 1370 1180 detestationem
1403 1149 1440 1179 et
1472 1148 1642 1180 iniuncta
1666 1148 1737 1180 sibi

93 1203 270 1236 mandata
294 1204 513 1245 supradicta
546 1213 621 1236 non
639 1203 861 1243 servaverit,
886 1204 1120 1236 recusaverit
1136 1202 1195 1236 vel
1213 1203 1428 1245 neglexerit
1446 1205 1494 1242 et,
1512 1203 1635 1244 quoad
1653 1203 1737 1243 hoc,

92 1259 309 1293 huiusmodi
327 1261 455 1293 nostre
480 1260 668 1292 sententie
686 1268 822 1301 parere
847 1259 1136 1301 subterfugerit,
1163 1259 1287 1300 ipsum
1311 1260 1502 1300 tamquam
1528 1259 1739 1292 hereticum

92 1315 379 1358 degradandum
410 1316 447 1349 et
472 1315 687 1348 exuendum
712 1315 751 1346 in
769 1315 893 1347 forma
910 1313 1071 1347 ecclesie
1087 1315 1261 1346 omnibus
1278 1314 1410 1347 ordine
1428 1315 1466 1347 et
1480 1315 1601 1357 gradu
1620 1314 1738 1347 eccle-

93 1371 256 1404 siasticis
281 1380 324 1404 ac
348 1370 503 1404 brachio
530 1370 695 1403 seculari
723 1369 1015 1411 relinquendum
1041 1372 1122 1403 soro
1148 1369 1399 1403 declaramus.

140 1441 153 1457 ι
170 1427 407 1469 Principium
435 1427 562 1460 autem
592 1425 785 1459 tractatuli
815 1435 880 1458 seu
899 1425 1020 1458 libelli
1039 1425 1257 1458 huiusmodi
1289 1426 1342 1458 sic
1371 1426 1530 1468 incipit:
1563 1427 1737 1468 Suppono

92 1483 230 1525 primo,
245 1483 345 1523 quod
370 1491 445 1515 non
469 1482 623 1515 intendo
651 1482 896 1522 infrascripta
922 1489 1044 1521 neque
1062 1480 1232 1522 quelibet
1249 1480 1324 1513 alia
1340 1482 1589 1523 pertinaciter
1612 1483 1738 1515 defen-

93 1538 197 1580 dere,
223 1538 289 1572 sed
314 1539 461 1571 tantum
479 1537 677 1570 scolastice
694 1537 922 1578 inquirendo
939 1536 1148 1579 procedere
1165 1546 1234 1570 nec
1257 1535 1385 1577 aliqua
1401 1545 1543 1579 ponere
1561 1537 1739 1576 scienter,

94 1603 167 1636 que
196 1594 284 1627 sunt
311 1594 444 1627 contra
468 1594 596 1632 fidem,
614 1594 688 1626 etc.

139 1663 152 1680 ι
169 1649 220 1683 Et
246 1649 300 1682 sic
317 1649 424 1682 finit:
455 1649 504 1682 Et
535 1649 648 1682 aliam
673 1649 867 1690 specificat
895 1649 988 1683 Wil.
1015 1649 1060 1682 de
1093 1649 1194 1682 Mon.
1223 1649 1331 1689 Lau.‚
1361 1649 1467 1682 cuius
1492 1648 1643 1682 habitus
1668 1649 1741 1681 fuit

93 1705 206 1738 bruni
223 1705 374 1746 coloris,
393 1706 431 1738 et
448 1705 561 1738 aliam
575 1706 770 1747 specificat
787 1706 879 1738 ordo
898 1705 1101 1748 Augustini
1108 1705 1232 1746 ,cuius
1249 1705 1478 1738 inventrices
1493 1713 1558 1738 seu
1574 1713 1741 1746 assump-

93 1761 209 1794 trices
237 1761 508 1794 conscientiam
535 1761 734 1802 peccatum
757 1761 999 1802 reputabant,
1031 1761 1072 1793 ut
1102 1760 1294 1792 invenitur
1318 1760 1357 1793 in
1386 1759 1514 1803 glossa
1538 1760 1738 1800 utriusque

94 1826 209 1859 super
240 1817 384 1850 dictum
415 1815 635 1859 capitulum,
665 1817 703 1849 et
730 1825 799 1858 per
830 1815 903 1849 hoc
929 1817 1034 1858 patet
1061 1816 1257 1858 responsio
1286 1816 1333 1848 ad
1361 1816 1562 1848 decimum.
1589 1816 1636 1857 (l)

140 1887 154 1902 α
175 1872 306 1906 Prima
323 1881 411 1905 vero
436 1871 628 1905 conclusio
657 1871 744 1905 talis
773 1873 853 1905 est:
881 1871 1018 1905 Nullus
1047 1871 1171 1913 potest
1196 1870 1300 1904 licite
1325 1872 1363 1905 et
1387 1872 1585 1905 meritorie
1612 1881 1739 1914 ymmo

94 1937 163 1961 nec
180 1929 366 1962 veraciter
383 1928 603 1961 obediencie
618 1929 857 1970 paupertatis
874 1929 911 1960 et
929 1928 1115 1960 castitatis
1139 1927 1371 1960 universalia
1388 1927 1547 1960 consilia
1565 1928 1740 1960 coniunc-

93 1984 164 2016 tim
191 1984 301 2017 extra
322 1992 432 2016 veras
463 1982 674 2026 religiones
704 1983 891 2016 manendo
922 1981 1148 2024 adimplere.

141 2053 155 2070 ι
177 2039 334 2072 Decima
350 2040 512 2081 septima
535 2040 574 2072 et
590 2039 726 2072 ultima
753 2038 947 2071 conclusio
973 2039 1011 2070 in
1037 2038 1171 2071 ordine
1189 2038 1361 2079 sequitur
1378 2039 1416 2071 et
1444 2039 1502 2071 est
1518 2038 1606 2071 talis
1624 2047 1636 2072 .·
1655 2052 1667 2068 α
1685 2038 1742 2071 Ex

96 2096 233 2137 quibus
261 2095 446 2137 sequitur,
475 2096 575 2137 quod
592 2095 764 2137 predicta
780 2095 855 2127 tria
879 2094 1086 2128 Salvatoris
1103 2093 1263 2127 consilia
1279 2095 1367 2126 sunt
1383 2095 1437 2127 ita
1453 2094 1740 2134 coneathenata,

95 2153 149 2194 ut,
168 2152 233 2184 ubi
249 2153 452 2194 paupertas
476 2151 665 2184 veraciter
681 2160 747 2184 seu
764 2150 962 2183 meritorie
987 2150 1192 2189 invenitur,
1211 2150 1371 2191 oportet,
1393 2150 1491 2190 quod
1519 2149 1737 2182 necessario

98 2207 316 2241 obedientia
342 2208 380 2241 et
405 2207 559 2240 castitas
579 2207 767 2240 veraciter
799 2216 865 2239 seu
896 2206 1094 2239 meritorie
1126 2205 1380 2239 inveniantur.
1401 2217 1414 2233 ι)
1433 2204 1481 2248 (2)

142 2271 159 2290 ¹⁶
178 2264 222 2297 In
254 2272 415 2306 quorum
446 2263 616 2296 omnium
640 2264 677 2296 et
704 2261 944 2305 singulorum
972 2262 1086 2294 fidem
1118 2262 1156 2294 et
1183 2261 1444 2294 testimonium
1468 2260 1742 2302 premissorum

97 2319 294 2362 presentes
317 2318 465 2353 litteras
497 2319 576 2352 sive
608 2328 764 2361 presens
787 2317 981 2361 publicum
1012 2317 1307 2350 instrumentum
1332 2315 1469 2348 exinde
1497 2316 1580 2348 fieri
1609 2317 1647 2349 et
1674 2324 1743 2358 per

98 2375 289 2408 notarium
316 2375 510 2417 publicum
539 2376 786 2415 nostrumque
819 2374 857 2406 et
884 2373 1101 2406 huiusmodi
1138 2381 1249 2405 cause
1278 2380 1405 2404 coram
1442 2371 1549 2404 nobis
1578 2371 1742 2404 scribam

98 2431 384 2473 infrascriptum
409 2431 595 2464 subscribi
623 2432 661 2464 et
687 2429 875 2472 publicari
910 2429 1170 2462 mandavimus
1199 2427 1394 2468 nostrique
1433 2425 1553 2469 sigilli
1581 2427 1741 2460 fecimus

98 2486 331 2528 appensione
355 2486 598 2519 communiri.

143 2610 190 2654 (1)
215 2610 338 2654 Begin
355 2619 401 2644 en
419 2609 494 2643 slot-
505 2619 576 2643 van
594 2607 785 2643 Grabow's
799 2607 898 2642 boek
911 2607 1065 2640 worden
1079 2606 1266 2649 bondiger
1280 2614 1502 2648 opgegeven
1519 2605 1557 2638 in
1573 2614 1640 2638 ons
1654 2604 1742 2638 stuk

102 2674 141 2701 11¹·
166 2667 242 2709 136,
266 2666 474 2700 hierboven
499 2666 570 2701 blz.
601 2664 679 2699 225.

144 2722 192 2765 (2)
213 2723 336 2766 Begin
355 2731 402 2756 en
419 2721 494 2755 slot
505 2731 578 2755 van
595 2721 786 2755 Grabow’s
803 2720 998 2754 zcventien
1016 2717 1269 2752 conclusiones
1286 2717 1360 2751 ook
1378 2717 1520 2758 aldaar‚
1540 2717 1637 2751 doch
1666 2717 1745 2750 niet

99 2779 193 2822 juist
222 2778 262 2811 in
286 2777 456 2812 dezelfde
481 2778 793 2820 bewoordingen.
827 2775 1024 2817 Blijkbaar
1056 2775 1086 2807 is
1119 2773 1203 2807 hier
1238 2782 1331 2807 eene
1371 2773 1511 2806 andere
1551 2773 1629 2815 lijst
1664 2773 1747 2806 dier

101 2835 295 2869 zeventien
323 2832 577 2868 conclusiones
601 2832 782 2875 gebruikt
805 2832 878 2865 dan
903 2831 965 2864 die
989 2831 1057 2864 der
1072 2829 1116 2862 25
1131 2827 1282 2863 articuli
1307 2833 1340 2862 et
1364 2827 1629 2867 conclusiones,
1649 2827 1747 2860 hier-

101 2891 222 2924 boven
239 2889 444 2933 afgedrukt
461 2898 508 2931 op
523 2888 593 2921 blz.
610 2887 676 2920 219
688 2897 736 2921 en
748 2887 825 2920 220.
845 2887 901 2920 De
918 2887 1042 2920 eerste
1060 2895 1106 2919 en
1124 2885 1366 2918 zcventiende
1383 2884 1535 2926 (laatste
1549 2881 1748 2924 conclusio)

102 2955 174 2980 van
198 2945 254 2978 dit
290 2945 425 2978 vonnis
453 2944 597 2988 dragen
621 2944 753 2978 aldaar
780 2941 1023 2986 integendeel
1052 2941 1099 2975 de
1124 2949 1319 2974 nummers
1348 2939 1389 2972 15
1413 2948 1459 2973 en
1494 2939 1534 2971 16
1557 2939 1676 2973 onder
1703 2938 1750 2972 dc

102 3002 147 3035 25
177 3001 419 3045 opgesomde.
565 3007 567 3009 ’
