2050 3470
777 238 915 275 ANNO
941 237 1024 273 1397
1667 237 1731 270 175

84 361 159 386 non
185 352 324 387 debent
350 351 511 395 proponi
542 352 719 394 tanquam
747 351 954 385 secundum
998 349 1235 385 intellectum
1273 348 1457 392 paruulis,
1485 348 1621 391 quibus
1656 347 1730 393 lac,
1781 385 1785 391 ,

83 417 158 441 non
185 417 272 441 esca
293 407 453 450 proponi
478 407 602 448 debet,
629 407 755 449 qa.Ad
789 406 899 439 Chor.
929 407 1002 448 iij0.
1030 406 1086 439 Ad
1113 405 1284 439 Hebreos
1301 405 1389 446 iiij0.
1415 404 1523 438 Unde
1551 402 1732 437 mulieres

80 462 160 504 ille,
179 472 252 505 que
269 462 315 496 de
332 461 502 495 articulis
520 463 608 496 fidei
626 464 664 496 et
679 462 926 496 sacramentis
950 460 1219 496 ecclesiasticis
1236 460 1429 502 disputare
1447 459 1730 503 presumebant,

79 518 205 550 varios
228 527 378 551 errores
395 518 607 551 inciderant
632 518 677 551 de
705 517 815 561 relig.
844 518 902 551 do.
934 527 965 550 c.
987 516 1080 551 Cum
1096 515 1142 549 de
1158 514 1383 560 quibusdam
1399 516 1439 557 Jn
1457 515 1703 548 Clementinis
1720 524 1728 555 ;

81 581 151 606 nec
175 573 315 607 debent
345 573 466 606 eciam
495 573 593 615 layci
626 573 840 606 huiusmodi
868 573 987 606 libros
1016 572 1188 615 legentes
1228 571 1467 604 sacerdotum
1495 569 1730 612 simplicitati

81 626 255 668 illudere,
275 628 341 662 sed
358 629 501 671 seipsos
526 629 655 671 pocius
673 629 795 662 studio
814 628 1094 671 scripturarum
1112 627 1158 661 ad
1178 626 1505 669 compunctionem
1523 625 1729 658 accendere

81 684 119 716 et
159 684 205 716 ad
243 684 490 718 deuocionem
532 685 766 718 inflammare
808 693 1011 726 omnesque
1050 683 1264 717 sacerdotes
1304 683 1460 724 propter
1501 681 1727 724 dignitatem

80 739 220 781 gradus
237 740 274 773 et
290 740 434 773 ordinis
451 741 634 779 reuereri,
653 742 771 773 extra.
791 740 837 774 de
869 739 1048 773 hereticis
1085 738 1178 773 Cum
1209 748 1255 771 eoe
1286 739 1452 771 iniuncto
1469 748 1478 779 ε,
1512 736 1612 770 unde
1629 735 1728 777 quod

79 793 194 835 aliqui
211 794 425 828 huiusmodi
443 795 560 828 libros
585 795 749 829 habeant
764 794 823 829 vel
841 794 985 838 legant,
1014 804 1088 828 non
1118 794 1258 827 debent
1282 794 1420 826 merito
1449 791 1631 834 redargui
1660 799 1729 824 nec

77 849 365 883 racionabiliter
406 850 658 892 reprehendi3
703 850 889 892 siquidem
933 850 1115 882 Dominus
1161 848 1445 889 Deuteronomij
1490 847 1540 889 vj.
1583 847 1622 880 et
1659 846 1725 888 xij.

75 903 251 946 capitulis
267 904 407 947 populo
426 915 492 938 suo
508 906 685 948 jusserat,
710 907 752 938 ut
768 904 944 938 volumen
962 904 1060 948 legis
1085 904 1214 938 diuine
1231 913 1305 937 non
1330 903 1452 936 solum
1471 902 1510 935 in
1527 910 1724 945 synagoga

16 989 18 991 ,
74 958 134 992 vel
152 959 325 1001 ecclesia,
345 961 410 994 sed
428 969 578 1003 semper
593 961 734 1002 ubique
752 960 791 992 in
808 960 981 992 manibus
1007 961 1045 992 et
1062 960 1147 992 ante
1166 957 1294 992 oculos
1311 960 1502 999 tamquam
1518 957 1557 989 in
1574 957 1726 1000 signum

75 1013 233 1049 haberet
249 1015 287 1049 et
311 1015 350 1048 in
374 1016 484 1048 domo
509 1015 642 1048 sedens
666 1014 725 1048 vel
749 1015 789 1048 in
814 1014 875 1048 via
898 1013 1107 1054 ambulans,
1138 1022 1299 1056 surgens
1323 1014 1436 1054 atque
1460 1012 1651 1045 dormiens
1685 1011 1724 1043 in

77 1070 299 1103 memoriam
329 1071 472 1114 iugiter
500 1071 709 1112 retineret3
751 1072 787 1103 et
813 1069 954 1103 noticia
977 1069 1108 1111 utique
1133 1068 1230 1112 legis
1253 1068 1382 1102 diuine
1406 1067 1528 1110 magis
1553 1067 1591 1100 in
1617 1067 1725 1100 Nouo

75 1135 188 1168 quam
200 1127 239 1159 in
254 1127 383 1160 Veteri
398 1127 639 1161 Testamento
656 1127 877 1170 precipitur,
896 1125 1103 1160 secundum
1120 1125 1304 1158 Thomam
1321 1124 1360 1157 in
1377 1123 1541 1157 secunda
1557 1123 1722 1156 secunde

78 1190 114 1223 q.
133 1182 221 1224 xvij,
240 1191 272 1215 a.
294 1182 343 1217 1⁰.

117 1237 175 1270 Ad
207 1238 380 1279 quintum
412 1238 511 1279 quod
555 1237 727 1279 quamuis
759 1236 986 1279 predicacio,
1020 1245 1092 1278 que
1128 1236 1184 1269 est
1219 1235 1390 1268 doctrina
1421 1233 1574 1277 publica
1604 1233 1721 1267 totam

74 1293 282 1335 respiciens
299 1292 498 1327 ecclesiam
528 1292 588 1326 vel
617 1292 899 1325 multitudinem
927 1292 1133 1326 secundum
1166 1290 1350 1324 Thomam
1377 1289 1561 1331 quodlib0.
1581 1289 1662 1330 xijo.
1680 1298 1714 1330 q.

74 1348 172 1390 xxvij
192 1349 230 1381 et
252 1348 291 1381 in
321 1349 484 1382 secunda
500 1348 662 1381 secunde
694 1357 728 1389 q.
760 1347 894 1390 clxxvij
915 1356 968 1380 ar.
996 1357 1028 1379 v.
1048 1356 1070 1380 a
1094 1347 1244 1379 nemine
1258 1346 1331 1378 nisi
1348 1354 1370 1379 a
1387 1346 1465 1378 Deo
1484 1343 1546 1377 uel
1563 1343 1719 1386 prelatis

74 1411 140 1436 seu
156 1412 179 1436 a
193 1404 278 1446 J‘ure
294 1404 411 1437 fuerit
427 1404 563 1436 missus
590 1403 649 1436 vel
674 1403 894 1445 permissus,
924 1403 1060 1435 debeat
1087 1402 1263 1443 usurpari
1292 1402 1412 1434 extra.
1430 1400 1476 1433 de
1493 1399 1665 1432 heriticis
1681 1410 1714 1432 c.

73 1456 165 1492 Cum
181 1468 228 1492 eoe
243 1459 409 1491 iniuncto
427 1469 436 1500 ς
469 1459 626 1501 possunt
652 1459 778 1491 tamen
803 1458 1029 1499 quicumque
1055 1466 1095 1490 se
1122 1457 1288 1490 inuicem
1304 1456 1428 1489 verbis
1447 1454 1717 1496 exhortatorijs

70 1513 312 1548 familiariter
347 1514 604 1556 colloquentes
639 1523 704 1547 seu
739 1515 978 1547 conferentes
1013 1522 1231 1546 ammonere
1258 1521 1327 1555 per
1362 1512 1461 1544 idem
1489 1521 1522 1544 c.
1555 1509 1646 1544 Cum
1670 1520 1717 1544 eoe

69 1569 235 1603 iniuncto
252 1571 290 1603 et
305 1579 373 1613 per
400 1571 518 1604 Henr.
544 1570 648 1613 Boyc
675 1578 788 1612 super
815 1569 947 1603 eodem
975 1578 1055 1611 cap.
1078 1568 1128 1601 di.
1154 1569 1177 1610 ij
1204 1567 1240 1600 in
1265 1568 1351 1609 fine,
1381 1576 1449 1609 per
1477 1566 1660 1599 Thomam
1676 1567 1716 1599 in

71 1623 165 1658 locis
190 1624 460 1669 preallegatis;
486 1627 524 1659 et
548 1625 595 1658 ad
622 1625 691 1658 hec
715 1626 802 1658 sunt
829 1625 1029 1658 innumera
1056 1624 1156 1657 dicta
1190 1625 1407 1657 sanctorum
1434 1623 1471 1655 et
1498 1622 1717 1655 testimonia

71 1678 362 1721 Scripturarum.
396 1680 581 1714 Similiter
615 1680 787 1722 quamuis
825 1680 1103 1713 correctionem
1142 1679 1291 1712 iusticie
1326 1677 1388 1711 uel
1425 1677 1638 1719 punicionis
1670 1676 1717 1710 ad

68 1734 234 1776 prelatos
265 1736 519 1778 pertinentem
557 1736 697 1778 priuati
736 1736 808 1768 sibi
848 1745 923 1769 non
961 1737 1115 1778 possent
1154 1743 1346 1768 assumere
1381 1735 1493 1775 atque
1518 1732 1612 1766 alios
1644 1742 1713 1775 pro

67 1790 283 1824 excessibus
300 1792 510 1834 corrigere,
529 1792 655 1834 potest
677 1793 804 1824 tamen
823 1791 961 1833 quiuis,
982 1800 1105 1834 ymmo
1124 1792 1276 1824 tenetur
1299 1799 1366 1831 pro
1384 1788 1467 1821 loco
1485 1789 1522 1822 et
1542 1790 1712 1830 tempore

67 1844 184 1878 alium
200 1847 392 1889 corripere
409 1847 611 1880 caritatiua
626 1847 873 1889 eorrepcione
906 1848 944 1880 et
974 1848 1145 1880 fraterna
1169 1846 1377 1879 secundum
1402 1844 1425 1878 J
1430 1844 1490 1877 oh.
1509 1844 1548 1877 in
1566 1853 1712 1877 summa

66 1902 164 1934 conf.
180 1900 219 1934 11.
233 1902 286 1943 iij.
301 1903 343 1936 ti.
362 1902 413 1936 ix.
430 1912 465 1944 q.
480 1912 512 1935 V.
529 1904 566 1936 et
583 1902 789 1936 secundum
807 1902 992 1936 Thomam
1009 1903 1047 1935 in
1066 1901 1228 1936 secunda
1245 1900 1406 1934 secunde
1425 1910 1459 1942 q.
1479 1900 1582 1941 xxiij.
1599 1909 1652 1933 ar.
1670 1900 1709 1941 ij.

109 1955 166 1991 Ad
181 1959 334 1997 sextum,
353 1957 449 2001 quod
472 1957 581 1992 certis
597 1960 631 1992 et
644 1957 777 1992 eisdem
794 1957 1021 2001 temporibus
1038 1960 1074 1992 et
1086 1955 1335 1992 determinatis
1351 1954 1451 1990 horis
1469 1954 1578 1989 simul
1593 1953 1712 1988 labori

65 2022 240 2046 manuum
258 2011 436 2053 insistere,
453 2012 550 2047 infra
566 2024 727 2048 mensam
743 2024 884 2047 sacram
915 2012 1115 2048 lectionem
1140 2011 1310 2052 recitare,
1331 2013 1415 2046 ante
1438 2012 1474 2045 et
1493 2012 1572 2053 post
1589 2008 1712 2043 cibum

66 2065 281 2101 Benede'cite
298 2070 334 2103 et
353 2067 512 2102 Gracias
529 2068 664 2112 legere,
679 2068 840 2111 aliasque
864 2068 943 2112 pias
968 2067 1249 2102 consuetudines
1263 2078 1326 2101 seu
1343 2065 1519 2100 virtutum
1536 2064 1713 2100 assuefac-

65 2120 181 2157 tiones
211 2123 292 2166 alijs
323 2122 622 2159 christifidelibus
653 2123 772 2159 licitas
800 2125 836 2158 et
860 2134 1053 2158 sacrorum
1083 2133 1265 2158 canonum
1295 2119 1610 2166 prohibicionibus
1640 2130 1713 2154 non

63 2175 241 2212 inhibitas
256 2181 310 2213 est
336 2178 486 2213 omnino
509 2178 651 2213 licitum
676 2179 786 2213 simul
802 2178 1115 2214 commorantibus
1138 2179 1351 2220 obseruare3
1377 2176 1462 2211 licet
1485 2174 1582 2210 enim
1598 2174 1708 2219 leges,

62 2234 198 2268 statuta
214 2233 271 2268 vel
287 2234 567 2269 consuetudines
584 2234 730 2278 proprie
746 2234 874 2274 dictas,
896 2233 992 2269 sicut
1009 2233 1152 2269 faciunt
1168 2233 1370 2277 approbata
1395 2230 1550 2275 collegia
1564 2229 1600 2264 vi
1619 2230 1710 2274 legis

63 2289 99 2322 et
124 2288 439 2331 constitucionem,
469 2289 673 2332 obligantes
705 2289 860 2324 condere
876 2289 937 2324 uel
953 2290 1074 2324 facere
1103 2300 1176 2323 non
1201 2288 1380 2329 debeant;
1409 2285 1572 2330 priuatas
1587 2288 1709 2319 tamen

61 2343 350 2383 consuetudines,
369 2355 439 2387 que
463 2343 520 2378 ius
546 2355 619 2378 non
639 2343 792 2386 faciunt,
822 2343 909 2379 licet
933 2343 1117 2379 interdum
1136 2340 1491 2387 presupposicionem
1517 2339 1706 2382 inducant,

62 2398 305 2441 potestquivis
320 2399 359 2434 in
371 2400 479 2434 domo
506 2410 572 2433 sua
591 2399 650 2434 uel
676 2399 818 2434 familia
843 2400 964 2434 facere
988 2399 1048 2434 uel
1072 2399 1279 2439 obseruare,
1311 2396 1506 2431 dummodo
1521 2394 1594 2429 sint
1617 2393 1708 2428 alias

62 2452 162 2488 licite
178 2456 212 2489 et
228 2453 388 2495 honeste,
401 2457 499 2498 patet
515 2454 602 2489 satis
615 2465 679 2498 per
697 2454 797 2490 Host.
818 2454 857 2489 in
873 2465 1015 2489 summa
1027 2453 1066 2488 11.
1086 2454 1115 2486 1.
1130 2465 1158 2487 r.
1173 2454 1226 2487 De
1242 2450 1506 2486 consuetudine
1521 2451 1544 2491 ἓ
1561 2448 1704 2490 ultimo,

63 2508 126 2543 ubi
150 2520 285 2552 ponens
309 2509 397 2552 iiij01·
423 2521 559 2554 genera
578 2509 895 2551 consuetudinum,
924 2512 1092 2554 quartam
1121 2519 1231 2552 quam
1263 2509 1368 2542 vocat
1395 2504 1704 2550 specialissimam,

63 2562 153 2599 dicit
176 2575 252 2599 esse
269 2564 364 2600 inter
380 2565 554 2609 priuatos.
571 2564 670 2600 Idem
693 2564 750 2600 Jo.
772 2565 864 2600 And.
883 2565 921 2600 in
937 2576 991 2600 su.
1015 2565 1059 2600 de
1072 2562 1346 2599 consuetudine.
1372 2561 1472 2597 Idem
1497 2559 1584 2596 satis
1606 2561 1705 2604 patet

63 2629 128 2662 per
141 2619 319 2654 Thomam
336 2620 373 2655 in
390 2620 507 2663 prima
526 2620 682 2655 secunde
696 2632 729 2664 q.
745 2621 817 2665 xcj.
836 2632 889 2655 ar.
905 2620 958 2663 iij.

106 2675 162 2710 Ad
177 2675 369 2720 septimum
386 2678 421 2711 et
443 2676 614 2711 ultimum
631 2676 884 2720 respondetur,
905 2675 1001 2720 quod
1027 2685 1269 2718 nequaquam,
1297 2673 1326 2707 si
1343 2672 1488 2717 quidem
1499 2671 1701 2716 jnquisito-

60 2728 112 2763 ris
127 2730 287 2765 officium
319 2731 436 2766 solum
467 2730 513 2765 ad
545 2730 702 2766 heresim
719 2731 942 2772 extenditur,
975 2733 1012 2765 et
1042 2729 1141 2764 circa
1167 2727 1358 2763 materiam
1389 2726 1526 2762 heresis
1549 2728 1585 2761 et
1602 2725 1701 2761 circa

59 2795 115 2827 ea,
140 2796 209 2828 que
236 2789 359 2829 aperte
390 2788 521 2821 sonant
551 2785 720 2827 heresim,
748 2785 983 2830 restringitur
1017 2787 1052 2820 et
1090 2788 1270 2826 versatur,
1303 2786 1417 2818 extra.
1457 2782 1502 2817 de
1530 2780 1701 2817 hereticis

61 2851 93 2874 c.
110 2840 312 2875 Accusatus
327 2843 348 2881 ἓ
362 2841 458 2876 Sane
479 2841 519 2876 li.
538 2843 598 2883 vj0.
627 2840 697 2877 Sed
714 2844 749 2877 et
764 2841 831 2877 iste
847 2841 974 2876 modus
991 2839 1140 2875 viuendi
1166 2850 1231 2884 per
1256 2839 1512 2883 extrauagant.
1533 2837 1698 2880 Gregorij

60 2896 112 2938 xj.
139 2894 346 2932 immediate
362 2896 577 2941 protectionj
595 2899 631 2932 et
655 2896 856 2932 defensioni
882 2895 1071 2941 presertim
1095 2906 1160 2939 per
1184 2893 1414 2938 prouinciam
1435 2891 1700 2934 Coloniensem,

62 2950 380 2995 Maguntinensem
409 2955 446 2988 et
485 2952 747 2989 Treuerensem
786 2951 1058 2990 ordinariorum
1092 2949 1334 2995 supponitur5
1362 2948 1410 2986 ad
1440 2959 1530 2994 quos
1559 2946 1604 2984 de
1633 2946 1700 2983 tali
