<?xml version="1.0" encoding="UTF-8"?>
<!DOCTYPE html PUBLIC "-//W3C//DTD XHTML 1.0 Transitional//EN"
    "http://www.w3.org/TR/xhtml1/DTD/xhtml1-transitional.dtd">
<html xmlns="http://www.w3.org/1999/xhtml" xml:lang="en" lang="en">
 <head>
  <title>
</title>
<meta http-equiv="Content-Type" content="text/html;charset=utf-8" />
  <meta name='ocr-system' content='tesseract 3.04.00' />
  <meta name='ocr-capabilities' content='ocr_page ocr_carea ocr_par ocr_line ocrx_word'/>
</head>
<body>
  <div class='ocr_page' id='page_1' title='image "./corpusdocumentor02fruoft_0031.png"; bbox 0 0 2107 3501; ppageno 0'>
   <div class='ocr_carea' id='block_1_1' title="bbox 276 453 1544 518">
    <p class='ocr_par' dir='ltr' id='par_1_1' title="bbox 276 453 1544 518">
     <span class='ocr_line' id='line_1_1' title="bbox 276 453 1544 518; baseline 0.002 -4"><span class='ocrx_word' id='word_1_1' title='bbox 276 453 878 516; x_wconf 89' lang='lat' dir='ltr'><strong>VERZAMELING</strong></span> <span class='ocrx_word' id='word_1_2' title='bbox 926 455 1097 516; x_wconf 92' lang='lat' dir='ltr'>VAN</span> <span class='ocrx_word' id='word_1_3' title='bbox 1149 454 1544 518; x_wconf 88' lang='lat' dir='ltr'><strong>STUKKEN</strong></span> 
     </span>
    </p>
   </div>
   <div class='ocr_carea' id='block_1_2' title="bbox 791 583 1037 606">
    <p class='ocr_par' dir='ltr' id='par_1_2' title="bbox 791 583 1037 606">
     <span class='ocr_line' id='line_1_2' title="bbox 791 583 1037 606; baseline 0.004 -2"><span class='ocrx_word' id='word_1_4' title='bbox 791 583 1037 606; x_wconf 70' lang='lat' dir='ltr'>DETREFFENDE</span> 
     </span>
    </p>
   </div>
   <div class='ocr_carea' id='block_1_3' title="bbox 452 664 1373 698">
    <p class='ocr_par' dir='ltr' id='par_1_3' title="bbox 452 664 1373 698">
     <span class='ocr_line' id='line_1_3' title="bbox 452 664 1373 698; baseline 0.004 -4"><span class='ocrx_word' id='word_1_5' title='bbox 452 664 510 696; x_wconf 84' lang='lat' dir='ltr'>DE</span> <span class='ocrx_word' id='word_1_6' title='bbox 546 664 830 696; x_wconf 77' lang='lat' dir='ltr'>PAUSELIJKE</span> <span class='ocrx_word' id='word_1_7' title='bbox 864 667 923 697; x_wconf 86' lang='lat' dir='ltr'>EN</span> <span class='ocrx_word' id='word_1_8' title='bbox 959 666 1373 698; x_wconf 80' lang='lat' dir='ltr'>BISSCHOPI’ELIJKE</span> 
     </span>
    </p>
   </div>
   <div class='ocr_carea' id='block_1_4' title="bbox 102 782 1726 937">
    <p class='ocr_par' dir='ltr' id='par_1_4' title="bbox 102 782 1726 937">
     <span class='ocr_line' id='line_1_4' title="bbox 102 782 1726 937; baseline 0.002 -36"><span class='ocrx_word' id='word_1_9' title='bbox 102 782 581 937; x_wconf 62' lang='lat' dir='ltr'>mulslim</span> <span class='ocrx_word' id='word_1_10' title='bbox 692 785 771 900; x_wconf 81' lang='grc' dir='ltr'>ΙΝ</span> <span class='ocrx_word' id='word_1_11' title='bbox 873 783 990 901; x_wconf 80' lang='lat' dir='ltr'>llll</span> <span class='ocrx_word' id='word_1_12' title='bbox 1077 783 1726 904; x_wconf 64' lang='lat' dir='ltr'>[illumillum</span> 
     </span>
    </p>
   </div>
   <div class='ocr_carea' id='block_1_5' title="bbox 599 974 1216 1017">
    <p class='ocr_par' dir='ltr' id='par_1_5' title="bbox 599 974 1216 1017">
     <span class='ocr_line' id='line_1_5' title="bbox 599 974 1216 1017; baseline 0.002 -9"><span class='ocrx_word' id='word_1_13' title='bbox 599 976 664 1009; x_wconf 77' lang='lat' dir='ltr'>tot</span> <span class='ocrx_word' id='word_1_14' title='bbox 690 974 940 1017; x_wconf 77' lang='lat' dir='ltr'>aanvuning</span> <span class='ocrx_word' id='word_1_15' title='bbox 964 985 1048 1009; x_wconf 80' lang='lat' dir='ltr'>van</span> <span class='ocrx_word' id='word_1_16' title='bbox 1074 977 1173 1010; x_wconf 87' lang='lat' dir='ltr'>Deel</span> <span class='ocrx_word' id='word_1_17' title='bbox 1198 977 1216 1009; x_wconf 93' lang='lat'>1</span> 
     </span>
    </p>
   </div>
   <div class='ocr_carea' id='block_1_6' title="bbox 817 1288 1080 1354">
    <p class='ocr_par' dir='ltr' id='par_1_6' title="bbox 817 1288 1080 1354">
     <span class='ocr_line' id='line_1_6' title="bbox 817 1288 1080 1354; baseline -0.004 -1"><span class='ocrx_word' id='word_1_18' title='bbox 817 1296 843 1338; x_wconf 93' lang='lat'>1</span> <span class='ocrx_word' id='word_1_19' title='bbox 877 1288 1012 1353; x_wconf 51' lang='lat'>(7¹³⁸)</span> <span class='ocrx_word' id='word_1_20' title='bbox 1034 1311 1080 1354; x_wconf 75' lang='grc' dir='ltr'>(ι)</span> 
     </span>
    </p>
   </div>
   <div class='ocr_carea' id='block_1_7' title="bbox 99 1451 1733 1788">
    <p class='ocr_par' dir='ltr' id='par_1_7' title="bbox 99 1451 1733 1788">
     <span class='ocr_line' id='line_1_7' title="bbox 171 1451 1732 1506; baseline 0.002 -12"><span class='ocrx_word' id='word_1_21' title='bbox 171 1451 311 1504; x_wconf 89' lang='grc'><em>1077,</em></span> <span class='ocrx_word' id='word_1_22' title='bbox 338 1452 495 1496; x_wconf 77' lang='lat' dir='ltr'>Maart</span> <span class='ocrx_word' id='word_1_23' title='bbox 519 1453 596 1506; x_wconf 77' lang='lat'>25,</span> <span class='ocrx_word' id='word_1_24' title='bbox 624 1452 891 1497; x_wconf 74' lang='lat' dir='ltr'>Bibz&#39;anello.</span> <span class='ocrx_word' id='word_1_25' title='bbox 930 1452 1167 1498; x_wconf 80' lang='lat' dir='ltr'>Uittreksel</span> <span class='ocrx_word' id='word_1_26' title='bbox 1190 1452 1253 1496; x_wconf 81' lang='lat' dir='ltr'>uit</span> <span class='ocrx_word' id='word_1_27' title='bbox 1276 1466 1381 1495; x_wconf 89' lang='lat' dir='ltr'>eene</span> <span class='ocrx_word' id='word_1_28' title='bbox 1413 1452 1486 1496; x_wconf 90' lang='lat' dir='ltr'>bul</span> <span class='ocrx_word' id='word_1_29' title='bbox 1513 1466 1599 1496; x_wconf 86' lang='lat' dir='ltr'>van</span> <span class='ocrx_word' id='word_1_30' title='bbox 1623 1453 1732 1497; x_wconf 89' lang='lat' dir='ltr'>Gre-</span> 
     </span>
     <span class='ocr_line' id='line_1_8' title="bbox 102 1523 1733 1581; baseline 0.001 -17"><span class='ocrx_word' id='word_1_31' title='bbox 102 1523 249 1578; x_wconf 83' lang='lat' dir='ltr'>gorius</span> <span class='ocrx_word' id='word_1_32' title='bbox 284 1523 364 1566; x_wconf 94' lang='lat' dir='ltr'>VII</span> <span class='ocrx_word' id='word_1_33' title='bbox 397 1524 568 1579; x_wconf 83' lang='lat' dir='ltr'>gericht</span> <span class='ocrx_word' id='word_1_34' title='bbox 599 1528 664 1568; x_wconf 84' lang='lat' dir='ltr'>tot.</span> <span class='ocrx_word' id='word_1_35' title='bbox 695 1525 934 1575; x_wconf 86' lang='lat' dir='ltr'>Josfredus,</span> <span class='ocrx_word' id='word_1_36' title='bbox 982 1524 1182 1580; x_wconf 85' lang='lat' dir='ltr'>bisschop</span> <span class='ocrx_word' id='word_1_37' title='bbox 1218 1538 1301 1567; x_wconf 90' lang='lat' dir='ltr'>van</span> <span class='ocrx_word' id='word_1_38' title='bbox 1335 1524 1490 1581; x_wconf 88' lang='lat' dir='ltr'>Parijs,</span> <span class='ocrx_word' id='word_1_39' title='bbox 1521 1537 1626 1567; x_wconf 82' lang='lat' dir='ltr'>over</span> <span class='ocrx_word' id='word_1_40' title='bbox 1657 1523 1733 1565; x_wconf 89' lang='lat' dir='ltr'>het</span> 
     </span>
     <span class='ocr_line' id='line_1_9' title="bbox 100 1591 1733 1649; baseline -0.001 -15"><span class='ocrx_word' id='word_1_41' title='bbox 100 1591 226 1646; x_wconf 89' lang='lat' dir='ltr'>geval</span> <span class='ocrx_word' id='word_1_42' title='bbox 252 1605 333 1634; x_wconf 89' lang='lat' dir='ltr'>van</span> <span class='ocrx_word' id='word_1_43' title='bbox 360 1593 638 1636; x_wconf 86' lang='lat' dir='ltr'>Ramihrdus.</span> <span class='ocrx_word' id='word_1_44' title='bbox 665 1619 720 1625; x_wconf 91' lang='lat'><strong>—</strong></span> <span class='ocrx_word' id='word_1_45' title='bbox 745 1594 804 1636; x_wconf 92' lang='lat' dir='ltr'>De</span> <span class='ocrx_word' id='word_1_46' title='bbox 837 1607 942 1649; x_wconf 91' lang='lat' dir='ltr'>paus</span> <span class='ocrx_word' id='word_1_47' title='bbox 965 1592 1083 1636; x_wconf 83' lang='lat' dir='ltr'>heeft</span> <span class='ocrx_word' id='word_1_48' title='bbox 1101 1593 1310 1649; x_wconf 74' lang='lat' dir='ltr'>geimord,</span> <span class='ocrx_word' id='word_1_49' title='bbox 1336 1593 1409 1636; x_wconf 87' lang='lat' dir='ltr'>dat</span> <span class='ocrx_word' id='word_1_50' title='bbox 1432 1593 1483 1635; x_wconf 92' lang='lat' dir='ltr'>de</span> <span class='ocrx_word' id='word_1_51' title='bbox 1518 1591 1733 1648; x_wconf 84' lang='lat' dir='ltr'>Kamerij-</span> 
     </span>
     <span class='ocr_line' id='line_1_10' title="bbox 99 1659 1732 1718; baseline 0 -16"><span class='ocrx_word' id='word_1_52' title='bbox 99 1659 199 1702; x_wconf 87' lang='lat' dir='ltr'>kers</span> <span class='ocrx_word' id='word_1_53' title='bbox 223 1674 357 1703; x_wconf 87' lang='lat' dir='ltr'>eenen</span> <span class='ocrx_word' id='word_1_54' title='bbox 381 1675 479 1704; x_wconf 87' lang='lat' dir='ltr'>man</span> <span class='ocrx_word' id='word_1_55' title='bbox 504 1661 719 1705; x_wconf 83' lang='lat' dir='ltr'>verbrand</span> <span class='ocrx_word' id='word_1_56' title='bbox 744 1662 927 1714; x_wconf 83' lang='lat' dir='ltr'>hebben,</span> <span class='ocrx_word' id='word_1_57' title='bbox 957 1663 1102 1705; x_wconf 84' lang='lat' dir='ltr'>omdat</span> <span class='ocrx_word' id='word_1_58' title='bbox 1136 1662 1194 1718; x_wconf 87' lang='lat' dir='ltr'>hij</span> <span class='ocrx_word' id='word_1_59' title='bbox 1217 1662 1380 1718; x_wconf 84' lang='lat' dir='ltr'>gezegd</span> <span class='ocrx_word' id='word_1_60' title='bbox 1414 1662 1514 1713; x_wconf 89' lang='lat' dir='ltr'>had,</span> <span class='ocrx_word' id='word_1_61' title='bbox 1543 1662 1617 1705; x_wconf 84' lang='lat' dir='ltr'>dat</span> <span class='ocrx_word' id='word_1_62' title='bbox 1650 1674 1732 1704; x_wconf 86' lang='lat' dir='ltr'>aan</span> 
     </span>
     <span class='ocr_line' id='line_1_11' title="bbox 101 1729 1729 1788; baseline 0.001 -17"><span class='ocrx_word' id='word_1_63' title='bbox 101 1729 280 1772; x_wconf 84' lang='lat' dir='ltr'>simonie</span> <span class='ocrx_word' id='word_1_64' title='bbox 299 1744 351 1772; x_wconf 90' lang='lat' dir='ltr'>en</span> <span class='ocrx_word' id='word_1_65' title='bbox 371 1729 597 1774; x_wconf 83' lang='lat' dir='ltr'>fornicatie</span> <span class='ocrx_word' id='word_1_66' title='bbox 620 1731 842 1788; x_wconf 83' lang='lat' dir='ltr'>schuldige</span> <span class='ocrx_word' id='word_1_67' title='bbox 862 1732 1070 1787; x_wconf 80' lang='lat' dir='ltr'>priesters</span> <span class='ocrx_word' id='word_1_68' title='bbox 1089 1732 1140 1774; x_wconf 94' lang='lat' dir='ltr'>de</span> <span class='ocrx_word' id='word_1_69' title='bbox 1166 1732 1243 1773; x_wconf 89' lang='lat' dir='ltr'>mis</span> <span class='ocrx_word' id='word_1_70' title='bbox 1263 1731 1351 1774; x_wconf 82' lang='lat' dir='ltr'>niet</span> <span class='ocrx_word' id='word_1_71' title='bbox 1371 1731 1568 1774; x_wconf 87' lang='lat' dir='ltr'>mochten</span> <span class='ocrx_word' id='word_1_72' title='bbox 1593 1731 1729 1773; x_wconf 88' lang='lat' dir='ltr'>lezen.</span> 
     </span>
    </p>
   </div>
   <div class='ocr_carea' id='block_1_8' title="bbox 99 1798 1731 1926">
    <p class='ocr_par' dir='ltr' id='par_1_8' title="bbox 99 1798 1731 1926">
     <span class='ocr_line' id='line_1_12' title="bbox 99 1798 1731 1856; baseline 0.001 -16"><span class='ocrx_word' id='word_1_73' title='bbox 99 1798 168 1855; x_wconf 90' lang='lat' dir='ltr'>Hij</span> <span class='ocrx_word' id='word_1_74' title='bbox 195 1802 351 1855; x_wconf 86' lang='lat' dir='ltr'>vraagt</span> <span class='ocrx_word' id='word_1_75' title='bbox 378 1813 456 1842; x_wconf 88' lang='lat' dir='ltr'>een</span> <span class='ocrx_word' id='word_1_76' title='bbox 480 1800 722 1844; x_wconf 88' lang='lat' dir='ltr'>onderzoek</span> <span class='ocrx_word' id='word_1_77' title='bbox 756 1801 833 1844; x_wconf 91' lang='lat' dir='ltr'>der</span> <span class='ocrx_word' id='word_1_78' title='bbox 862 1801 970 1844; x_wconf 86' lang='lat' dir='ltr'>zaak</span> <span class='ocrx_word' id='word_1_79' title='bbox 1004 1815 1072 1853; x_wconf 89' lang='lat' dir='ltr'>en,</span> <span class='ocrx_word' id='word_1_80' title='bbox 1102 1815 1176 1844; x_wconf 93' lang='lat' dir='ltr'>zoo</span> <span class='ocrx_word' id='word_1_81' title='bbox 1201 1800 1373 1856; x_wconf 85' lang='lat' dir='ltr'>noodig‚</span> <span class='ocrx_word' id='word_1_82' title='bbox 1413 1814 1518 1843; x_wconf 88' lang='lat' dir='ltr'>eene</span> <span class='ocrx_word' id='word_1_83' title='bbox 1553 1802 1731 1855; x_wconf 67' lang='lat' dir='ltr'>sti-enge</span> 
     </span>
     <span class='ocr_line' id='line_1_13' title="bbox 102 1867 715 1926; baseline 0.007 -17"><span class='ocrx_word' id='word_1_84' title='bbox 102 1867 217 1911; x_wconf 84' lang='lat' dir='ltr'>straf</span> <span class='ocrx_word' id='word_1_85' title='bbox 234 1882 339 1911; x_wconf 88' lang='lat' dir='ltr'>voor</span> <span class='ocrx_word' id='word_1_86' title='bbox 361 1869 412 1911; x_wconf 91' lang='lat' dir='ltr'>de</span> <span class='ocrx_word' id='word_1_87' title='bbox 447 1869 715 1926; x_wconf 84' lang='lat' dir='ltr'>schuldigen.</span> 
     </span>
    </p>
   </div>
   <div class='ocr_carea' id='block_1_9' title="bbox 103 1976 1742 2518">
    <p class='ocr_par' dir='ltr' id='par_1_9' title="bbox 103 1976 1742 2518">
     <span class='ocr_line' id='line_1_14' title="bbox 144 1976 1735 2022; baseline 0.001 -13"><span class='ocrx_word' id='word_1_88' title='bbox 144 1976 239 2009; x_wconf 85' lang='lat' dir='ltr'>Item</span> <span class='ocrx_word' id='word_1_89' title='bbox 258 1977 419 2010; x_wconf 85' lang='lat' dir='ltr'>relatum</span> <span class='ocrx_word' id='word_1_90' title='bbox 438 1979 544 2011; x_wconf 87' lang='lat' dir='ltr'>nobis</span> <span class='ocrx_word' id='word_1_91' title='bbox 561 1983 615 2011; x_wconf 87' lang='lat' dir='ltr'>est</span> <span class='ocrx_word' id='word_1_92' title='bbox 638 1980 928 2014; x_wconf 87' lang='lat' dir='ltr'>Cameracenses</span> <span class='ocrx_word' id='word_1_93' title='bbox 943 1981 1133 2014; x_wconf 85' lang='lat' dir='ltr'>hominem</span> <span class='ocrx_word' id='word_1_94' title='bbox 1147 1980 1333 2022; x_wconf 83' lang='lat' dir='ltr'>quendam</span> <span class='ocrx_word' id='word_1_95' title='bbox 1349 1979 1507 2013; x_wconf 82' lang='lat' dir='ltr'>flammis</span> <span class='ocrx_word' id='word_1_96' title='bbox 1521 1978 1735 2019; x_wconf 80' lang='lat' dir='ltr'>tradidisse,</span> 
     </span>
     <span class='ocr_line' id='line_1_15' title="bbox 103 2033 1735 2077; baseline 0.001 -12"><span class='ocrx_word' id='word_1_97' title='bbox 103 2040 147 2065; x_wconf 90' lang='lat' dir='ltr'>eo</span> <span class='ocrx_word' id='word_1_98' title='bbox 165 2033 262 2074; x_wconf 84' lang='lat' dir='ltr'>quod</span> <span class='ocrx_word' id='word_1_99' title='bbox 287 2034 522 2075; x_wconf 72' lang='lat' dir='ltr'>symoniacos</span> <span class='ocrx_word' id='word_1_100' title='bbox 540 2041 573 2066; x_wconf 86' lang='lat' dir='ltr'>et</span> <span class='ocrx_word' id='word_1_101' title='bbox 593 2036 835 2077; x_wconf 74' lang='lat' dir='ltr'>presbyteros</span> <span class='ocrx_word' id='word_1_102' title='bbox 854 2036 1101 2068; x_wconf 76' lang='lat' dir='ltr'>fornicatores</span> <span class='ocrx_word' id='word_1_103' title='bbox 1125 2036 1256 2068; x_wconf 84' lang='lat' dir='ltr'>missas</span> <span class='ocrx_word' id='word_1_104' title='bbox 1282 2044 1355 2067; x_wconf 92' lang='lat' dir='ltr'>non</span> <span class='ocrx_word' id='word_1_105' title='bbox 1380 2034 1518 2067; x_wconf 86' lang='lat' dir='ltr'>debere</span> <span class='ocrx_word' id='word_1_106' title='bbox 1542 2033 1735 2067; x_wconf 87' lang='lat' dir='ltr'>celebrare</span> 
     </span>
     <span class='ocr_line' id='line_1_16' title="bbox 105 2087 1736 2133; baseline 0.001 -14"><span class='ocrx_word' id='word_1_107' title='bbox 105 2091 141 2120; x_wconf 87' lang='lat' dir='ltr'>et</span> <span class='ocrx_word' id='word_1_108' title='bbox 155 2088 253 2128; x_wconf 85' lang='lat' dir='ltr'>quod</span> <span class='ocrx_word' id='word_1_109' title='bbox 272 2087 422 2121; x_wconf 89' lang='lat' dir='ltr'>illorum</span> <span class='ocrx_word' id='word_1_110' title='bbox 439 2090 602 2122; x_wconf 86' lang='lat' dir='ltr'>officium</span> <span class='ocrx_word' id='word_1_111' title='bbox 621 2091 775 2124; x_wconf 84' lang='lat' dir='ltr'>mininie</span> <span class='ocrx_word' id='word_1_112' title='bbox 793 2091 1072 2133; x_wconf 71' lang='lat' dir='ltr'>suscipiendum</span> <span class='ocrx_word' id='word_1_113' title='bbox 1088 2091 1183 2123; x_wconf 80' lang='lat' dir='ltr'>foret</span> <span class='ocrx_word' id='word_1_114' title='bbox 1203 2091 1328 2122; x_wconf 82' lang='lat' dir='ltr'>dicere</span> <span class='ocrx_word' id='word_1_115' title='bbox 1346 2098 1458 2122; x_wconf 85' lang='lat' dir='ltr'>ausus</span> <span class='ocrx_word' id='word_1_116' title='bbox 1476 2089 1603 2122; x_wconf 76' lang='lat' dir='ltr'>fuerit.</span> <span class='ocrx_word' id='word_1_117' title='bbox 1631 2088 1736 2127; x_wconf 85' lang='lat' dir='ltr'>Quod</span> 
     </span>
     <span class='ocr_line' id='line_1_17' title="bbox 104 2143 1737 2187; baseline 0.001 -13"><span class='ocrx_word' id='word_1_118' title='bbox 104 2143 192 2184; x_wconf 82' lang='lat' dir='ltr'>quia</span> <span class='ocrx_word' id='word_1_119' title='bbox 207 2144 312 2175; x_wconf 84' lang='lat' dir='ltr'>nobis</span> <span class='ocrx_word' id='word_1_120' title='bbox 337 2144 443 2177; x_wconf 85' lang='lat' dir='ltr'>valde</span> <span class='ocrx_word' id='word_1_121' title='bbox 471 2144 641 2177; x_wconf 81' lang='lat' dir='ltr'>terribile</span> <span class='ocrx_word' id='word_1_122' title='bbox 662 2147 710 2185; x_wconf 88' lang='lat' dir='ltr'>et,</span> <span class='ocrx_word' id='word_1_123' title='bbox 730 2146 760 2177; x_wconf 91' lang='lat' dir='ltr'>si</span> <span class='ocrx_word' id='word_1_124' title='bbox 778 2154 908 2178; x_wconf 80' lang='lat' dir='ltr'>verum</span> <span class='ocrx_word' id='word_1_125' title='bbox 933 2148 1001 2185; x_wconf 85' lang='lat' dir='ltr'>est,</span> <span class='ocrx_word' id='word_1_126' title='bbox 1025 2145 1126 2177; x_wconf 90' lang='lat' dir='ltr'>omni</span> <span class='ocrx_word' id='word_1_127' title='bbox 1145 2145 1272 2187; x_wconf 81' lang='lat' dir='ltr'>rigore</span> <span class='ocrx_word' id='word_1_128' title='bbox 1298 2145 1501 2177; x_wconf 78' lang='lat' dir='ltr'>canonicae</span> <span class='ocrx_word' id='word_1_129' title='bbox 1526 2144 1737 2177; x_wconf 80' lang='lat' dir='ltr'>severitatis</span> 
     </span>
     <span class='ocr_line' id='line_1_18' title="bbox 104 2198 1737 2239; baseline 0.001 -10"><span class='ocrx_word' id='word_1_130' title='bbox 104 2198 367 2231; x_wconf 81' lang='lat' dir='ltr'>vindicandum</span> <span class='ocrx_word' id='word_1_131' title='bbox 395 2208 475 2232; x_wconf 84' lang='lat' dir='ltr'>esse</span> <span class='ocrx_word' id='word_1_132' title='bbox 505 2200 665 2239; x_wconf 82' lang='lat' dir='ltr'>videtur,</span> <span class='ocrx_word' id='word_1_133' title='bbox 699 2202 976 2234; x_wconf 81' lang='lat' dir='ltr'>fraternitatem</span> <span class='ocrx_word' id='word_1_134' title='bbox 1009 2208 1110 2233; x_wconf 85' lang='lat' dir='ltr'>tuam</span> <span class='ocrx_word' id='word_1_135' title='bbox 1135 2200 1295 2233; x_wconf 78' lang='lat' dir='ltr'>sollicite</span> <span class='ocrx_word' id='word_1_136' title='bbox 1315 2200 1425 2232; x_wconf 89' lang='lat' dir='ltr'>huius</span> <span class='ocrx_word' id='word_1_137' title='bbox 1457 2200 1511 2233; x_wconf 84' lang='lat' dir='ltr'>rei</span> <span class='ocrx_word' id='word_1_138' title='bbox 1540 2200 1737 2233; x_wconf 83' lang='lat' dir='ltr'>veritatem</span> 
     </span>
     <span class='ocr_line' id='line_1_19' title="bbox 104 2253 1739 2296; baseline 0.001 -12"><span class='ocrx_word' id='word_1_139' title='bbox 104 2253 296 2294; x_wconf 79' lang='lat' dir='ltr'>inquirere</span> <span class='ocrx_word' id='word_1_140' title='bbox 314 2264 582 2289; x_wconf 76' lang='lat' dir='ltr'>ammonemus.</span> <span class='ocrx_word' id='word_1_141' title='bbox 606 2255 652 2288; x_wconf 87' lang='lat' dir='ltr'>Et</span> <span class='ocrx_word' id='word_1_142' title='bbox 672 2256 702 2287; x_wconf 85' lang='lat' dir='ltr'>si</span> <span class='ocrx_word' id='word_1_143' title='bbox 721 2264 783 2288; x_wconf 82' lang='lat' dir='ltr'>eos</span> <span class='ocrx_word' id='word_1_144' title='bbox 811 2255 856 2287; x_wconf 81' lang='lat' dir='ltr'>ad</span> <span class='ocrx_word' id='word_1_145' title='bbox 886 2260 1027 2288; x_wconf 83' lang='lat' dir='ltr'>tantam</span> <span class='ocrx_word' id='word_1_146' title='bbox 1045 2254 1307 2287; x_wconf 82' lang='lat' dir='ltr'>crudelitatem</span> <span class='ocrx_word' id='word_1_147' title='bbox 1336 2254 1470 2296; x_wconf 86' lang='lat' dir='ltr'>impias</span> <span class='ocrx_word' id='word_1_148' title='bbox 1493 2262 1625 2286; x_wconf 87' lang='lat' dir='ltr'>manus</span> <span class='ocrx_word' id='word_1_149' title='bbox 1654 2262 1739 2286; x_wconf 84' lang='lat' dir='ltr'>suas</span> 
     </span>
     <span class='ocr_line' id='line_1_20' title="bbox 103 2308 1740 2352; baseline 0 -12"><span class='ocrx_word' id='word_1_150' title='bbox 103 2309 315 2342; x_wconf 75' lang='lat' dir='ltr'>extendisse</span> <span class='ocrx_word' id='word_1_151' title='bbox 349 2311 582 2352; x_wconf 79' lang='lat' dir='ltr'>cognoveris,</span> <span class='ocrx_word' id='word_1_152' title='bbox 619 2311 664 2343; x_wconf 77' lang='lat' dir='ltr'>ab</span> <span class='ocrx_word' id='word_1_153' title='bbox 697 2311 853 2343; x_wconf 82' lang='lat' dir='ltr'>introitu</span> <span class='ocrx_word' id='word_1_154' title='bbox 883 2315 920 2343; x_wconf 89' lang='lat' dir='ltr'>et</span> <span class='ocrx_word' id='word_1_155' title='bbox 948 2310 1049 2342; x_wconf 91' lang='lat' dir='ltr'>omni</span> <span class='ocrx_word' id='word_1_156' title='bbox 1075 2309 1335 2342; x_wconf 84' lang='lat' dir='ltr'>communione</span> <span class='ocrx_word' id='word_1_157' title='bbox 1368 2308 1550 2342; x_wconf 83' lang='lat' dir='ltr'>ecclesiae</span> <span class='ocrx_word' id='word_1_158' title='bbox 1567 2309 1740 2341; x_wconf 85' lang='lat' dir='ltr'>auctores</span> 
     </span>
     <span class='ocr_line' id='line_1_21' title="bbox 103 2362 1739 2406; baseline 0.001 -12"><span class='ocrx_word' id='word_1_159' title='bbox 103 2364 246 2404; x_wconf 80' lang='lat' dir='ltr'>pariter</span> <span class='ocrx_word' id='word_1_160' title='bbox 270 2371 304 2397; x_wconf 80' lang='lat' dir='ltr'>et</span> <span class='ocrx_word' id='word_1_161' title='bbox 326 2364 526 2406; x_wconf 76' lang='lat' dir='ltr'>complices</span> <span class='ocrx_word' id='word_1_162' title='bbox 545 2364 656 2397; x_wconf 84' lang='lat' dir='ltr'>huius</span> <span class='ocrx_word' id='word_1_163' title='bbox 685 2364 839 2397; x_wconf 81' lang='lat' dir='ltr'>sceleris</span> <span class='ocrx_word' id='word_1_164' title='bbox 864 2374 1040 2406; x_wconf 78' lang='lat' dir='ltr'>separare</span> <span class='ocrx_word' id='word_1_165' title='bbox 1067 2374 1139 2396; x_wconf 89' lang='lat' dir='ltr'>non</span> <span class='ocrx_word' id='word_1_166' title='bbox 1167 2363 1344 2404; x_wconf 77' lang='lat' dir='ltr'>differas3</span> <span class='ocrx_word' id='word_1_167' title='bbox 1370 2366 1405 2396; x_wconf 83' lang='lat' dir='ltr'>et</span> <span class='ocrx_word' id='word_1_168' title='bbox 1425 2363 1531 2396; x_wconf 88' lang='lat' dir='ltr'>nobis</span> <span class='ocrx_word' id='word_1_169' title='bbox 1548 2362 1659 2396; x_wconf 91' lang='lat' dir='ltr'>huius</span> <span class='ocrx_word' id='word_1_170' title='bbox 1683 2364 1739 2396; x_wconf 85' lang='lat' dir='ltr'>rei</span> 
     </span>
     <span class='ocr_line' id='line_1_22' title="bbox 103 2419 1742 2462; baseline 0.001 -12"><span class='ocrx_word' id='word_1_171' title='bbox 103 2419 367 2452; x_wconf 83' lang='lat' dir='ltr'>certitudinem</span> <span class='ocrx_word' id='word_1_172' title='bbox 401 2430 545 2452; x_wconf 84' lang='lat' dir='ltr'>necnon</span> <span class='ocrx_word' id='word_1_173' title='bbox 579 2421 759 2462; x_wconf 83' lang='lat' dir='ltr'>quicquid</span> <span class='ocrx_word' id='word_1_174' title='bbox 789 2421 833 2453; x_wconf 90' lang='lat' dir='ltr'>de</span> <span class='ocrx_word' id='word_1_175' title='bbox 862 2420 1121 2462; x_wconf 86' lang='lat' dir='ltr'>superioribus</span> <span class='ocrx_word' id='word_1_176' title='bbox 1153 2420 1274 2452; x_wconf 79' lang='lat' dir='ltr'>causis</span> <span class='ocrx_word' id='word_1_177' title='bbox 1306 2420 1481 2453; x_wconf 82' lang='lat' dir='ltr'>effectum</span> <span class='ocrx_word' id='word_1_178' title='bbox 1513 2420 1639 2460; x_wconf 75' lang='lat' dir='ltr'>tuerit,</span> <span class='ocrx_word' id='word_1_179' title='bbox 1673 2429 1742 2462; x_wconf 89' lang='lat' dir='ltr'>per</span> 
     </span>
     <span class='ocr_line' id='line_1_23' title="bbox 104 2474 1139 2518; baseline 0.002 -11"><span class='ocrx_word' id='word_1_180' title='bbox 104 2474 251 2508; x_wconf 82' lang='lat' dir='ltr'>litteras</span> <span class='ocrx_word' id='word_1_181' title='bbox 268 2483 351 2508; x_wconf 82' lang='lat' dir='ltr'>tuas</span> <span class='ocrx_word' id='word_1_182' title='bbox 369 2485 479 2517; x_wconf 81' lang='lat' dir='ltr'>quam</span> <span class='ocrx_word' id='word_1_183' title='bbox 498 2476 679 2509; x_wconf 88' lang='lat' dir='ltr'>citissime</span> <span class='ocrx_word' id='word_1_184' title='bbox 698 2477 817 2518; x_wconf 83' lang='lat' dir='ltr'>possis</span> <span class='ocrx_word' id='word_1_185' title='bbox 836 2476 1002 2510; x_wconf 81' lang='lat' dir='ltr'>indicare</span> <span class='ocrx_word' id='word_1_186' title='bbox 1020 2477 1139 2510; x_wconf 88' lang='lat' dir='ltr'>stude.</span> 
     </span>
    </p>
   </div>
   <div class='ocr_carea' id='block_1_10' title="bbox 454 2568 1743 2611">
    <p class='ocr_par' dir='ltr' id='par_1_10' title="bbox 454 2568 1743 2611">
     <span class='ocr_line' id='line_1_24' title="bbox 454 2568 1743 2611; baseline 0 -9"><span class='ocrx_word' id='word_1_187' title='bbox 454 2569 564 2609; x_wconf 60' lang='lat' dir='ltr'>datie,</span> <span class='ocrx_word' id='word_1_188' title='bbox 594 2568 833 2609; x_wconf 75' lang='lat' dir='ltr'>Bibliotheca,</span> <span class='ocrx_word' id='word_1_189' title='bbox 865 2570 946 2603; x_wconf 76' lang='lat' dir='ltr'>(leel</span> <span class='ocrx_word' id='word_1_190' title='bbox 973 2570 1023 2610; x_wconf 89' lang='grc' dir='ltr'>ΙΙ,</span> <span class='ocrx_word' id='word_1_191' title='bbox 1043 2570 1111 2602; x_wconf 84' lang='lat' dir='ltr'>blz.</span> <span class='ocrx_word' id='word_1_192' title='bbox 1131 2570 1205 2603; x_wconf 79' lang='lat'>⁶268.</span> <span class='ocrx_word' id='word_1_193' title='bbox 1224 2588 1265 2593; x_wconf 91' lang='lat'>—-</span> <span class='ocrx_word' id='word_1_194' title='bbox 1280 2570 1334 2603; x_wconf 92' lang='lat' dir='ltr'>De</span> <span class='ocrx_word' id='word_1_195' title='bbox 1359 2570 1515 2603; x_wconf 74' lang='lat' dir='ltr'>vei-dere</span> <span class='ocrx_word' id='word_1_196' title='bbox 1530 2570 1651 2611; x_wconf 72' lang='lat' dir='ltr'>atinop</span> <span class='ocrx_word' id='word_1_197' title='bbox 1675 2570 1743 2602; x_wconf 86' lang='lat' dir='ltr'>der</span> 
     </span>
    </p>
   </div>
   <div class='ocr_carea' id='block_1_11' title="bbox 497 2624 1740 2712">
    <p class='ocr_par' dir='ltr' id='par_1_11' title="bbox 497 2624 1740 2712">
     <span class='ocr_line' id='line_1_25' title="bbox 497 2624 1740 2669; baseline 0.001 -12"><span class='ocrx_word' id='word_1_198' title='bbox 497 2624 588 2657; x_wconf 81' lang='lat' dir='ltr'>zaak</span> <span class='ocrx_word' id='word_1_199' title='bbox 607 2626 639 2657; x_wconf 78' lang='lat' dir='ltr'>is</span> <span class='ocrx_word' id='word_1_200' title='bbox 672 2625 883 2659; x_wconf 83' lang='lat' dir='ltr'>onbekend.</span> <span class='ocrx_word' id='word_1_201' title='bbox 903 2645 943 2650; x_wconf 92' lang='lat'>—</span> <span class='ocrx_word' id='word_1_202' title='bbox 963 2625 1160 2669; x_wconf 71' lang='lat' dir='ltr'>Vergelijk</span> <span class='ocrx_word' id='word_1_203' title='bbox 1186 2626 1222 2658; x_wconf 91' lang='lat' dir='ltr'>in</span> <span class='ocrx_word' id='word_1_204' title='bbox 1251 2625 1391 2669; x_wconf 74' lang='lat' dir='ltr'>Corpus</span> <span class='ocrx_word' id='word_1_205' title='bbox 1415 2625 1430 2658; x_wconf 96' lang='lat' dir='ltr'>I</span> <span class='ocrx_word' id='word_1_206' title='bbox 1458 2625 1521 2658; x_wconf 81' lang='lat' dir='ltr'>liet</span> <span class='ocrx_word' id='word_1_207' title='bbox 1545 2625 1626 2658; x_wconf 85' lang='lat' dir='ltr'>stuk</span> <span class='ocrx_word' id='word_1_208' title='bbox 1645 2632 1682 2658; x_wconf 76' lang='lat'><strong>11¹·</strong></span> <span class='ocrx_word' id='word_1_209' title='bbox 1706 2625 1740 2664; x_wconf 81' lang='lat'>7,</span> 
     </span>
     <span class='ocr_line' id='line_1_26' title="bbox 501 2678 762 2712; baseline 0.004 -3"><span class='ocrx_word' id='word_1_210' title='bbox 501 2679 569 2712; x_wconf 73' lang='lat' dir='ltr'>hlz.</span> <span class='ocrx_word' id='word_1_211' title='bbox 591 2680 628 2712; x_wconf 92' lang='grc'>11</span> <span class='ocrx_word' id='word_1_212' title='bbox 646 2687 692 2711; x_wconf 85' lang='lat' dir='ltr'>en</span> <span class='ocrx_word' id='word_1_213' title='bbox 712 2678 762 2711; x_wconf 76' lang='lat'>12.</span> 
     </span>
    </p>
   </div>
   <div class='ocr_carea' id='block_1_12' title="bbox 1006 2795 1654 2806">
    <p class='ocr_par' dir='ltr' id='par_1_12' title="bbox 1006 2795 1654 2806">
     <span class='ocr_line' id='line_1_27' title="bbox 1006 2795 1654 2806; baseline 0 0"><span class='ocrx_word' id='word_1_214' title='bbox 1006 2795 1654 2806; x_wconf 95' lang='lat' dir='ltr'> </span> 
     </span>
    </p>
   </div>
   <div class='ocr_carea' id='block_1_13' title="bbox 116 2861 1744 3015">
    <p class='ocr_par' dir='ltr' id='par_1_13' title="bbox 116 2861 1744 3015">
     <span class='ocr_line' id='line_1_28' title="bbox 153 2861 1740 2904; baseline 0.001 -12"><span class='ocrx_word' id='word_1_215' title='bbox 153 2861 203 2902; x_wconf 91' lang='lat'>(1)</span> <span class='ocrx_word' id='word_1_216' title='bbox 229 2862 308 2895; x_wconf 86' lang='lat' dir='ltr'>Aan</span> <span class='ocrx_word' id='word_1_217' title='bbox 327 2861 349 2894; x_wconf 85' lang='lat' dir='ltr'>‘t</span> <span class='ocrx_word' id='word_1_218' title='bbox 368 2861 480 2893; x_wconf 75' lang='lat' dir='ltr'>110«de</span> <span class='ocrx_word' id='word_1_219' title='bbox 499 2871 568 2894; x_wconf 84' lang='lat' dir='ltr'>van</span> <span class='ocrx_word' id='word_1_220' title='bbox 588 2862 692 2895; x_wconf 88' lang='lat' dir='ltr'>ieder</span> <span class='ocrx_word' id='word_1_221' title='bbox 705 2861 792 2894; x_wconf 80' lang='lat' dir='ltr'>stuk</span> <span class='ocrx_word' id='word_1_222' title='bbox 805 2861 858 2896; x_wconf 84' lang='lat' dir='ltr'>zal</span> <span class='ocrx_word' id='word_1_223' title='bbox 877 2871 961 2894; x_wconf 85' lang='lat' dir='ltr'>men</span> <span class='ocrx_word' id='word_1_224' title='bbox 980 2864 1074 2894; x_wconf 79' lang='lat' dir='ltr'>twec</span> <span class='ocrx_word' id='word_1_225' title='bbox 1102 2862 1227 2903; x_wconf 76' lang='lat' dir='ltr'>cijsers</span> <span class='ocrx_word' id='word_1_226' title='bbox 1245 2862 1392 2894; x_wconf 73' lang='lat' dir='ltr'>vintlen.</span> <span class='ocrx_word' id='word_1_227' title='bbox 1413 2861 1483 2893; x_wconf 68' lang='grc' dir='ltr'>Ποῖ</span> <span class='ocrx_word' id='word_1_228' title='bbox 1503 2865 1624 2894; x_wconf 85' lang='lat' dir='ltr'>eerste</span> <span class='ocrx_word' id='word_1_229' title='bbox 1642 2862 1740 2904; x_wconf 76' lang='lat' dir='ltr'>geert</span> 
     </span>
     <span class='ocr_line' id='line_1_29' title="bbox 116 2915 1744 2960; baseline -0.001 -11"><span class='ocrx_word' id='word_1_230' title='bbox 116 2915 174 2949; x_wconf 85' lang='lat' dir='ltr'>het</span> <span class='ocrx_word' id='word_1_231' title='bbox 212 2917 473 2959; x_wconf 78' lang='lat' dir='ltr'>volgnummer</span> <span class='ocrx_word' id='word_1_232' title='bbox 504 2927 574 2950; x_wconf 81' lang='lat' dir='ltr'>van</span> <span class='ocrx_word' id='word_1_233' title='bbox 607 2917 663 2949; x_wconf 83' lang='lat' dir='ltr'>dit</span> <span class='ocrx_word' id='word_1_234' title='bbox 690 2918 833 2951; x_wconf 77' lang='lat' dir='ltr'>tweede</span> <span class='ocrx_word' id='word_1_235' title='bbox 862 2917 944 2951; x_wconf 90' lang='lat' dir='ltr'>deel</span> <span class='ocrx_word' id='word_1_236' title='bbox 977 2927 1024 2960; x_wconf 85' lang='lat' dir='ltr'>op</span> <span class='ocrx_word' id='word_1_237' title='bbox 1043 2928 1051 2957; x_wconf 77' lang='grc' dir='ltr'><strong>ς</strong></span> <span class='ocrx_word' id='word_1_238' title='bbox 1083 2917 1147 2950; x_wconf 81' lang='lat' dir='ltr'>het</span> <span class='ocrx_word' id='word_1_239' title='bbox 1187 2917 1337 2955; x_wconf 78' lang='lat' dir='ltr'>andere,</span> <span class='ocrx_word' id='word_1_240' title='bbox 1378 2915 1552 2948; x_wconf 74' lang='lat' dir='ltr'>tusschen</span> <span class='ocrx_word' id='word_1_241' title='bbox 1589 2915 1744 2958; x_wconf 80' lang='lat' dir='ltr'>haakjes</span> 
     </span>
     <span class='ocr_line' id='line_1_30' title="bbox 117 2971 1742 3015; baseline -0.001 -9"><span class='ocrx_word' id='word_1_242' title='bbox 117 2971 318 3015; x_wconf 79' lang='lat' dir='ltr'>gcplaatst,</span> <span class='ocrx_word' id='word_1_243' title='bbox 334 2973 439 3006; x_wconf 86' lang='lat' dir='ltr'>duidt</span> <span class='ocrx_word' id='word_1_244' title='bbox 453 2982 536 3013; x_wconf 79' lang='lat' dir='ltr'>aan,</span> <span class='ocrx_word' id='word_1_245' title='bbox 556 2982 658 3006; x_wconf 80' lang='lat' dir='ltr'>waar</span> <span class='ocrx_word' id='word_1_246' title='bbox 674 2972 738 3008; x_wconf 77' lang='lat' dir='ltr'>het</span> <span class='ocrx_word' id='word_1_247' title='bbox 755 2973 842 3008; x_wconf 80' lang='lat' dir='ltr'>stuk</span> <span class='ocrx_word' id='word_1_248' title='bbox 859 2974 897 3007; x_wconf 90' lang='lat' dir='ltr'>in</span> <span class='ocrx_word' id='word_1_249' title='bbox 915 2973 1006 3008; x_wconf 90' lang='lat' dir='ltr'>Deel</span> <span class='ocrx_word' id='word_1_250' title='bbox 1025 2973 1042 3007; x_wconf 93' lang='lat'>1</span> <span class='ocrx_word' id='word_1_251' title='bbox 1059 2982 1126 3007; x_wconf 88' lang='lat' dir='ltr'>zou</span> <span class='ocrx_word' id='word_1_252' title='bbox 1143 2978 1292 3006; x_wconf 89' lang='lat' dir='ltr'>moeten</span> <span class='ocrx_word' id='word_1_253' title='bbox 1311 2971 1561 3015; x_wconf 53' lang='lat' dir='ltr'>iugem-lieven</span> <span class='ocrx_word' id='word_1_254' title='bbox 1580 2973 1742 3005; x_wconf 74' lang='lat' dir='ltr'>worden.</span> 
     </span>
    </p>
   </div>
  </div>
 </body>
</html>
