2050 3470
246 277 310 311 188
936 271 1039 305 ΑΝΝ
1046 270 1075 305 O
1101 270 1186 303 1400

634 384 672 416 in
690 383 736 415 (10
755 379 980 424 Bioyraphz'e
997 381 1198 422 nationale,
1217 383 1355 416 artikel
1373 382 1421 416 Le
1436 383 1639 418 Boutez'ller
1654 385 1762 428 (Jean
1778 387 1874 422 Bou-

634 437 774 479 tillz'er),
801 436 884 470 deel
912 436 979 476 XI,
1006 436 1074 469 blz.
1095 436 1244 470 *545-557
1262 437 1384 479 (1891),
1410 439 1465 471 als
1478 440 1551 472 ook
1564 450 1633 473 van
1652 442 1871 477 denzelfden

641 492 837 534 schrijver,
865 490 1091 524 Documenta·
1107 490 1240 524 ine'dz’ts
1256 501 1358 535 pour
1372 495 1489 526 servir
1504 497 1527 527 ὰ
1544 494 1580 528 la
1604 495 1815 539 bz'oyraphie
1830 496 1876 531 de

646 546 769 582 Jehan
784 545 993 586 Boutillier,
1002 550 1138 579 auteur
1150 545 1195 579 de
1210 546 1248 580 la
1259 546 1406 581 Somme
1417 549 1570 590 Rurale,
1581 551 1619 583 in
1633 551 1678 584 de
1691 550 1877 586 Bullatins

643 601 688 636 de
717 602 754 635 la
785 602 1022 635 commission
1045 600 1173 645 royale
1195 600 1393 644 d’histoire‚
1418 604 1471 639 41³0
1492 605 1616 647 reeks,
1646 606 1729 641 dee]
1754 607 1874 650 XVII,

639 658 707 692 blz.
727 656 874 691 229-267
889 656 1014 699 (1890).

899 805 995 849 116
1034 798 1219 864 (242ω1

303 934 564 980 Omstreeks
588 934 729 977 1400?
759 933 1033 989 Valencijn?
1064 932 1304 976 Uittreksel
1335 932 1397 977 uit
1420 946 1526 978 eene
1558 935 1875 994 verhandeling

242 1019 327 1048 van
360 1004 443 1047 den
470 1003 727 1047 beroemden
761 1003 1004 1061 tijdgenoot
1036 1002 1204 1046 Gerson
1243 1015 1348 1046 over
1385 1016 1464 1045 000
1504 1004 1730 1049 kettersch
1763 1004 1872 1050 boek

241 1074 346 1118 door
368 1073 508 1116 Maria
533 1086 616 1116 van
640 1073 869 1130 Valencijn
893 1072 1179 1128 geschreven.

283 1168 468 1201 Videntur
485 1175 631 1200 errasse
657 1157 823 1209 Begardi
851 1166 889 1199 et
920 1167 1094 1208 Begarde
1124 1166 1170 1198 ob
1194 1166 1438 1200 indiscretam
1455 1167 1695 1200 dilectionem
1723 1169 1873 1203 nomine

240 1223 448 1256 devotionis
462 1222 668 1264 palliatam.
689 1222 966 1264 Argumentum
983 1221 1094 1263 hujus
1111 1222 1167 1254 rei
1185 1223 1242 1255 est
1258 1223 1295 1254 in
1314 1224 1475 1264 quodam
1493 1222 1636 1261 libello,
1657 1223 1874 1257 incredibili

239 1288 335 1321 pene
349 1278 570 1317 subtilitate,
585 1278 630 1310 ab
644 1286 719 1309 una
731 1277 872 1310 femina
889 1277 1107 1318 composita,
1123 1286 1194 1318 que
1212 1277 1332 1310 Maria
1346 1279 1391 1310 de
1410 1277 1661 1310 Valontianas
1677 1277 1753 1320 (sic)
1778 1279 1874 1312 dice-

240 1334 362 1366 batur.
382 1333 461 1366 Hec
475 1333 555 1375 agit
572 1333 617 1365 de
630 1333 872 1375 prerogativa
888 1332 926 1364 et
943 1332 1148 1364 eminentia
1165 1332 1378 1365 dilectionis
1398 1333 1538 1372 divine,
1557 1333 1603 1365 ad
1617 1342 1728 1374 quam
1742 1333 1773 1366 si
1789 1334 1873 1375 quis

239 1389 444 1430 devenerit,
460 1388 502 1420 fit
518 1388 722 1420 secundum
748 1397 830 1420 eam
848 1387 893 1419 ab
912 1387 1013 1419 00101
1030 1387 1116 1429 lege
1133 1389 1399 1428 preceptorum
1418 1387 1575 1427 solutus,
1596 1388 1785 1421 adducens
1801 1398 1870 1431 pro

238 1454 277 1477 50
292 1444 383 1476 illud
398 1443 444 1476 ab
469 1443 638 1484 apostolo
656 1444 844 1484 sumptum
861 1452 868 1474 z
891 1454 906 1471 «
926 1442 1129 1475 Caritatem
1146 1441 1242 1475 habe
1260 1443 1297 1475 et
1314 1443 1374 1475 fac
1392 1443 1490 1484 quod
1508 1443 1573 1475 vis.
1592 1455 1607 1472 n

279 1498 462 1532 Recolitis
481 1498 627 1540 opinor,
642 1498 683 1530 ut
699 1498 797 1539 apud
821 1497 1023 1540 Virgilium
1048 1497 1086 1529 in
1115 1497 1303 1529 Bucolicis
1317 1498 1501 1538 que-sitive
1515 1498 1669 1539 ponitur
1686 1508 1694 1530 :
1721 1499 1780 1532 An
1805 1500 1870 1541 qui

235 1555 375 1594 amant,
393 1554 463 1585 sibi
477 1553 621 1586 somnia
635 1554 808 1596 fingunt?
825 1552 873 1585 Et
886 1553 988 1585 certe
1006 1561 1066 1584 res
1091 1552 1143 1584 sic
1161 1561 1200 1585 se
1218 1551 1344 1592 habet,
1360 1562 1476 1593 quum
1494 1562 1601 1586 amor
1620 1553 1721 1586 inter
1739 1563 1868 1587 omnes

233 1610 358 1642 anime
374 1609 566 1651 passiones
583 1609 704 1651 magis
731 1607 987 1649 penetrativus
1012 1608 1049 1640 et
1080 1607 1314 1646 alienativuS,
1335 1609 1373 1640 et
1397 1608 1429 1639 si
1454 1617 1566 1640 verus
1595 1609 1664 1648 est,
1683 1609 1806 1641 castus
1831 1610 1870 1643 et

233 1666 396 1704 sanctus,
416 1664 519 1696 iuvat
534 1663 832 1705 incogitabiliter
849 1663 895 1695 ad
913 1663 1215 1704 cognoscendum
1232 1662 1400 1695 celestia.
1424 1663 1463 1696 Si
1481 1671 1570 1695 vero
1584 1664 1649 1696 aut
1666 1673 1781 1696 vanus
1806 1664 1867 1705 sit,

232 1729 415 1752 erroneus
444 1720 509 1752 aut
534 1719 769 1758 libidinosus,
789 1718 912 1751 varias
937 1718 1009 1749 sibi
1033 1718 1172 1750 format
1199 1717 1408 1757 illusiones,
1439 1718 1492 1750 ita
1515 1719 1557 1750 ut
1584 1718 1713 1751 credat
1739 1719 1868 1752 videre

233 1784 298 1807 seu
317 1775 485 1817 cogitare
503 1784 574 1816 que
606 1783 760 1816 prorsus
785 1773 948 1816 ignorat.
968 1773 1280 1814 Experimentum
1297 1772 1408 1805 huius
1432 1773 1489 1806 rei
1518 1773 1556 1805 in
1580 1781 1708 1807 amore
1722 1774 1867 1807 Hereos

233 1830 497 1871 conspicimus.

276 1885 325 1917 Et
341 1884 454 1924 enim,
473 1884 504 1916 si
521 1885 692 1926 predicta
709 1884 842 1922 Maria,
869 1893 944 1915 non
959 1884 1004 1916 de
1023 1883 1231 1915 viatoribus
1245 1883 1376 1924 utique
1394 1882 1522 1925 ligatis
1538 1883 1584 1916 ad
1602 1884 1866 1925 preceptorum

235 1940 447 1972 divinorum
479 1939 752 1980 impletionem,
771 1939 836 1972 sed
866 1939 911 1971 de
940 1939 1039 1971 statu
1057 1938 1255 1970 beatorum
1284 1937 1525 1970 dilectionem
1539 1947 1651 1979 quam
1679 1938 1867 1972 scribebat

234 1994 473 2036 applicasset,
492 1994 553 2026 vix
568 1994 681 2027 altius
695 1994 895 2035 quicquam
925 1994 970 2025 de
997 1993 1122 2025 divina
1146 1993 1327 2025 fruitione
1344 2002 1416 2033 quo
1434 1993 1479 2025 ad
1504 1993 1630 2034 aliqua
1647 1993 1719 2025 dici
1735 1993 1865 2035 potue-

232 2051 305 2082 rat.
321 2049 380 2082 Sic
406 2049 564 2082 fallebat
587 2058 670 2082 eam
695 2058 762 2081 sua
779 2048 971 2081 tumiditas
989 2049 1104 2081 animi
1127 2049 1230 2081 tante
1255 2048 1420 2089 passioni
1446 2047 1658 2080 dilectionis
1679 2048 1862 2081 immixta.

234 2104 397 2137 Putabat
419 2104 539 2147 igitur
556 2113 594 2137 se
612 2104 687 2136 frui
701 2104 793 2145 Deo,
809 2105 897 2136 dum
922 2103 1074 2145 vigebat
1098 2103 1168 2136 hec
1185 2103 1308 2144 passio
1340 2102 1449 2135 fortis
1475 2103 1574 2136 circa
1591 2103 1712 2136 Deum
1728 2103 1765 2136 in
1783 2103 1864 2136 eius

233 2160 358 2193 animo
377 2160 719 2202 quantumcumque
733 2168 754 2192 a
767 2159 902 2191 divinis
915 2158 1106 2200 preceptis
1124 2158 1239 2201 longe
1263 2158 1373 2191 esset.

578 2237 600 2270 J
605 2236 772 2270 ohannes
790 2237 835 2269 de
845 2217 1029 2275 Δ(1015000,
1051 2235 1245 2268 Tractatus
1261 2233 1306 2267 de
1317 2233 1548 2268 distinctione
1571 2244 1748 2268 verarum
1760 2235 1863 2268 visio—

621 2301 715 2324 num
737 2302 761 2325 a
773 2290 889 2335 falsis,
913 2291 1092 2328 Quintum
1107 2291 1271 2333 siquam,
1286 2291 1323 2323 te
1338 2290 1476 2323 vinden
1493 2290 1531 2322 in
1545 2291 1590 2323 de
1606 2289 1724 2333 Opera
1737 2290 1863 2332 (1489),

621 2347 704 2380 (1001
722 2346 752 2386 I,
768 2346 856 2379 stuk
870 2346 1035 2379 19.—Zie
1054 2346 1142 2386 Lea,
1158 2344 1312 2388 History
1330 2344 1376 2389 of
1386 2343 1445 2378 the
1463 2345 1693 2390 Inquisition‚
1712 2345 1795 2380 deel
1812 2345 1862 2387 ΙΙ,

620 2402 692 2435 blz.
712 2402 775 2436 127
792 2411 838 2436 en
853 2401 928 2435 405.

886 2542 1204 2608 117<244fflv.

289 2688 408 2730 1400,
435 2679 677 2736 Λυρκείας
701 2681 768 2730 18,
799 2673 928 2722 Geni.
972 2677 1277 2733 Verordening
1312 2690 1398 2720 van
1432 2675 1512 2719 den
1546 2675 1708 2734 baljuw
1731 2691 1784 2720 en
1807 2677 1860 2720 de

229 2762 416 2791 mannen
439 2762 524 2791 van
547 2748 628 2791 den
652 2747 859 2803 Oudburg
882 2750 925 2790 te
947 2747 1077 2799 Gent,
1104 2760 1284 2789 namens
1308 2746 1390 2789 den
1430 2745 1561 2802 graaf
1587 2759 1671 2789 van
1697 2747 1859 2790 Vlaan-

228 2816 376 2868 deren,
406 2820 535 2873 tegen
568 2817 763 2873 degenen
793 2817 859 2859 die
889 2816 940 2859 de
972 2816 1228 2860 Geeselaars
1261 2815 1649 2872 (eruusbroeders)
1690 2813 1856 2856 zouden

226 2885 485 2942 herbergen,
519 2886 675 2941 helpen
709 2885 757 2927 of
783 2885 1060 2942 aanhangen,
1080 2899 1131 2941 op
1165 2884 1279 2928 stt-af
1306 2898 1390 2927 van
1422 2883 1512 2927 tien
1539 2884 1640 2941 ι1001·
1671 2881 1857 2939 halling-

228 2955 376 3010 schap.
411 2979 462 2986 ——
480 2955 570 2998 Een
588 2953 901 3011 gelijkluidend
919 2953 1165 3011 voorgebod
1180 2953 1301 3000 werd
1318 2952 1400 2999 ook
1419 2952 1524 3001 door
1541 2952 1592 2997 de
1610 2952 1855 3015 schepenen

226 3022 302 3071 der
323 3023 418 3068 stad
439 3023 554 3072 Gent
578 3023 921 3086 uitgevaardigd.
