2050 3470
734 224 872 260 ANNO
898 223 996 266 1422,
1016 223 1102 257 1423
1672 225 1734 259 247

96 336 410 380 circumspectum
427 335 548 369 virum
562 335 754 370 dominum
769 330 1256 369 officialem'Tornacensem
1273 335 1485 377 predictum
1498 336 1537 369 ct
1550 345 1676 370 coram
1690 346 1734 371 co

95 393 304 436 agerentur
319 391 611 433 dicerenturque
628 392 667 425 et
683 391 832 431 fierent,
850 400 1008 424 vnacum
1026 390 1298 433 prenominatis
1317 391 1476 424 testibus
1492 400 1649 434 presens
1666 393 1735 434 fui,

96 456 216 489 eaque
229 448 283 480 sic
298 448 383 480 fieri
400 447 475 480 vidi
493 448 531 480 et
547 447 675 480 audiui
691 457 700 488 ς
719 446 860 479 idcirco
885 446 956 478 hoc
973 455 1128 488 presens
1146 445 1338 488 publicum
1355 447 1650 480 instrumentum
1667 458 1734 481 seu

95 503 392 545 transsumptum
421 503 615 535 decretum
632 503 670 535 in
688 511 727 535 se
756 502 966 541 continens,
992 511 1104 535 manu
1133 501 1258 534 aliena
1286 501 1450 535 fideliter
1474 503 1670 544 scriptum,
1688 504 1735 536 de

96 559 187 591 dicti
215 558 358 591 domini
389 558 561 591 officialis
589 558 766 591 mandato
795 558 1022 596 confectum,
1051 557 1160 599 signo
1177 566 1261 590 meo
1286 556 1411 596 solito,
1435 566 1592 590 vnacum
1617 558 1735 601 sigilli

95 614 195 647 sedis
223 613 475 646 Tornaeensis
503 613 747 655 appensione,
776 613 972 655 signisque
999 614 1038 645 ct
1061 612 1401 654 subscriptionibus
1429 612 1615 646 dictorum
1634 615 1736 647 nota-

94 669 240 702 riorum
273 668 464 707 roboraui,
504 668 566 700 hic
596 677 657 701 me
688 677 802 701 manu
834 668 991 710 propria
1021 667 1262 701 subscribens
1292 668 1331 700 in
1360 668 1473 700 fidem
1502 669 1541 701 et
1575 668 1735 703 validius

95 723 354 758 testimonium
370 723 537 756 omnium
551 725 589 756 et
602 722 838 765 singulorum
853 723 1136 765 premissorum,
1152 723 1368 764 requisitus.

136 779 186 812 Et
214 779 303 820 quia
319 787 392 822 ego
422 778 561 820 Symon
591 778 751 811 Brotolli
780 778 826 811 dc
851 778 1037 819 Tornaco,
1056 778 1215 811 clericus
1241 778 1534 818 Cameracensis,
1563 778 1736 820 publicus

93 833 302 878 apostolica
318 835 356 868 et
367 834 558 875 imperiali
582 834 870 867 auctoritatibus
887 834 926 867 ct
942 834 1046 867 curie
1071 833 1296 876 episcopalis
1321 833 1572 867 Tornaeensis
1587 834 1735 876 juratus

92 890 262 924 notarius
287 891 325 924 et
349 890 511 929 auditor,
530 890 576 922 de
604 889 714 922 dictis
730 888 870 922 litteris
888 889 1139 932 originalibus
1163 898 1279 931 supra
1294 889 1447 923 insertis
1464 898 1549 922 cum
1566 890 1735 931 presenti

92 946 347 988 transsumpto
377 945 457 978 siue
486 944 660 987 exemplo
689 954 774 978 cum
798 945 969 987 prouidis
986 945 1076 977 viris
1100 945 1258 978 notariis
1286 954 1400 987 supra
1427 945 1466 978 et
1482 945 1734 987 infrascriptis

91 1000 336 1044 collationem
363 1001 437 1034 feci
454 1000 691 1043 diligentem,
718 1002 757 1034 et
783 1001 981 1042 vtramque
1008 1001 1248 1042 scripturam,
1279 1000 1331 1033 nil
1349 1000 1476 1033 addito
1494 1000 1555 1033 uel
1572 1001 1734 1040 remoto,

93 1056 192 1098 quod
209 1065 360 1090 sensum
389 1057 509 1089 mutet
537 1056 602 1088 aut
630 1056 751 1089 variet
778 1055 1027 1095 intellectum,
1046 1057 1092 1088 de
1119 1056 1235 1089 verbo
1258 1056 1304 1089 ad
1322 1056 1479 1089 verbum
1503 1056 1734 1089 concordare

91 1112 236 1153 inueni,
254 1111 315 1144 hic
333 1120 394 1144 me
412 1111 617 1153 subscripsi
636 1112 674 1144 et
690 1111 841 1153 signum
865 1120 1005 1150 meum,
1026 1121 1185 1144 vnacum
1202 1111 1321 1154 signis
1338 1112 1377 1144 et
1393 1111 1733 1153 subscriptionibus

89 1167 277 1200 dictorum
294 1167 531 1200 notariorum
548 1175 591 1199 ac
615 1167 846 1208 appensione
863 1166 981 1209 sigilli
999 1167 1098 1200 sedis
1116 1167 1380 1207 Tornaeensis,
1404 1167 1562 1209 apposui
1578 1176 1732 1200 consue-

90 1223 182 1263 tum,
197 1223 237 1255 in
251 1222 510 1256 testimonium
527 1222 698 1255 veritatis
715 1222 884 1263 ipsorum
902 1223 1186 1264 premissorum,
1206 1222 1424 1263 requisitus.
1561 1222 1690 1256 SYMON

132 1278 181 1312 Et
197 1287 268 1321 ego
286 1277 424 1311 Petrus
442 1277 597 1318 Bonsin‚
616 1277 777 1311 clericus
795 1277 1059 1318 Tornaeensis,
1077 1277 1249 1320 publicus
1267 1277 1476 1320 apostolica
1494 1278 1532 1311 ct
1543 1278 1734 1320 imperiali

88 1333 378 1368 auctoritatibus
404 1333 584 1374 curieque
611 1332 837 1375 episcopalis
855 1332 1107 1366 Tornacensis
1134 1334 1282 1375 Juratus
1310 1333 1479 1367 notarius
1502 1334 1541 1366 et
1568 1333 1732 1374 auditor,

88 1389 177 1431 quia
192 1389 293 1422 facta
310 1398 378 1431 per
394 1398 454 1422 me
471 1398 557 1421 cum
575 1388 748 1421 discretis
765 1389 856 1420 viris
874 1388 1031 1430 notarijs
1044 1388 1206 1430 publicis
1223 1389 1490 1431 suprascriptis
1504 1390 1550 1422 de
1562 1390 1732 1431 presenti

87 1445 344 1486 transsumpto
380 1445 427 1477 ad
463 1443 611 1477 litteras
651 1443 859 1486 originales
899 1444 1072 1485 superius
1108 1444 1270 1477 insertas
1306 1444 1509 1478 collatione
1541 1445 1731 1488 diligenti,

88 1499 305 1533 huiusmodi
322 1500 619 1541 transsumptum
637 1508 722 1532 cum
746 1499 889 1532 eisdem
914 1498 1053 1533 litteris
1077 1500 1115 1532 et
1139 1500 1400 1533 instrumentis
1426 1500 1676 1543 originalibus
1692 1501 1731 1533 in

88 1556 262 1589 omnibus
287 1556 326 1589 et
348 1564 417 1597 per
441 1555 568 1587 omnia
585 1555 817 1588 concordare
834 1555 978 1595 inueni,
997 1555 1049 1587 nil
1065 1555 1192 1588 addito
1210 1555 1271 1588 vel
1282 1557 1442 1595 remoto,
1460 1557 1730 1598 premissisque

87 1611 261 1645 omnibus
275 1612 314 1644 et
327 1610 500 1654 singulis,
516 1611 604 1643 dum
618 1611 729 1643 modo
744 1610 1001 1652 suprascripto
1016 1611 1153 1644 fierent
1167 1611 1459 1652 dicerenturque
1473 1612 1511 1644 et
1524 1612 1731 1654 agerentur

85 1676 155 1710 per
181 1665 438 1700 venerabilem
456 1667 495 1699 et
522 1666 837 1708 circumspectum
854 1666 976 1698 virum
1002 1666 1197 1698 dominum·
1220 1666 1421 1700 officialem
1450 1660 1730 1700 Tornaeensem

85 1724 124 1757 et
145 1731 272 1756 coram
301 1731 346 1755 eo
371 1731 530 1755 vnacum
546 1722 821 1763 prenominatis
839 1722 998 1754 testibus
1015 1731 1172 1763 presens
1196 1723 1264 1763 fui,
1290 1731 1410 1764 eaque
1427 1722 1480 1755 sic
1498 1723 1582 1756 fieri
1599 1723 1674 1755 vidi
1692 1724 1732 1756 et

84 1778 214 1812 audiui
239 1787 249 1818 ς
285 1777 428 1810 idcirco
464 1777 536 1810 hoc
571 1786 728 1819 presens
766 1776 959 1819 publicum
994 1777 1289 1811 instrumentum
1325 1787 1391 1811 seu
1431 1778 1729 1820 transsumptum

84 1834 278 1879 decretum
306 1833 345 1866 in
374 1842 414 1866 se
443 1833 654 1873 continens,
687 1842 802 1865 manu
830 1832 956 1866 aliena
979 1832 1145 1866 fideliter
1170 1834 1365 1875 scriptum,
1395 1834 1442 1867 de
1468 1834 1559 1866 dicti
1587 1834 1729 1867 domini

85 1888 257 1922 officialis
274 1889 452 1922 mandato
470 1889 616 1921 confeci
641 1889 781 1921 etcum
809 1887 919 1921 dictis
943 1889 1103 1922 notariis
1127 1889 1288 1931 publicis
1312 1889 1518 1931 publicani,
1543 1890 1728 1932 signoque

83 1953 168 1978 meo
197 1943 322 1984 solito,
352 1953 511 1977 vnacum
538 1943 657 1987 sigilli
685 1944 785 1977 sedis
814 1943 1066 1977 Tornaeensis
1095 1945 1339 1987 appensione,
1369 1945 1554 1988 signoque
1582 1946 1621 1978 et
1642 1945 1727 1978 sub-

84 2000 354 2042 scriptionibus
369 2000 557 2032 dictorum
571 1999 807 2032 notariorum
818 2000 1010 2039 roboraui,
1026 1999 1087 2032 hic
1100 2009 1160 2034 me
1173 2001 1329 2042 propria
1341 2009 1455 2034 manu
1473 2000 1725 2040 subscribens,

83 2056 123 2089 in
159 2056 273 2088 fidem
307 2056 346 2088 et
379 2055 540 2088 validius
578 2055 837 2088 testimonium
884 2055 1051 2088 omnium
1096 2057 1135 2089 et
1179 2055 1418 2099 singulorum
1455 2056 1727 2098 premissorum

83 2110 301 2154 specialiter
322 2111 539 2152 requisitus,

125 2167 234 2200 Anno
260 2166 413 2199 Domini
437 2165 640 2199 millesimo
667 2171 796 2199 ccccmo
819 2167 927 2208 xxijo,
961 2167 1022 2200 die
1050 2167 1126 2209 xxij
1152 2167 1329 2211 Augusti,
1357 2168 1458 2201 facta
1484 2167 1589 2209 prius
1613 2166 1725 2200 colla-

81 2222 185 2256 tione
203 2222 249 2255 de
266 2222 535 2264 suprascriptis
558 2222 821 2255 instrumentis
845 2223 1119 2256 sententiarum
1144 2224 1182 2256 et
1198 2222 1311 2256 bullis
1328 2222 1546 2265 apostolicis
1564 2223 1610 2256 ad
1626 2222 1725 2256 litte-

79 2287 142 2311 ras
160 2277 367 2321 originales
396 2277 511 2320 ipsas,
529 2278 575 2310 ad
592 2277 759 2311 inuicem
776 2278 1008 2311 concordare
1025 2278 1254 2320 inuenimus‚
1273 2278 1326 2312 nil
1344 2278 1471 2312 addito
1489 2278 1548 2313 vel
1561 2279 1722 2320 remoto,

80 2334 180 2376 quod
194 2342 346 2368 sensum
363 2333 537 2367 inmutet.

529 2388 574 2423 T.
601 2388 774 2423 Lemaire
799 2390 853 2432 (2).
879 2407 924 2415 —-
947 2389 1097 2433 Gruisy.

428 2471 586 2506 Archief
600 2472 668 2506 der
680 2472 896 2507 hoofdkcrk
910 2482 981 2507 van
995 2473 1177 2514 Doornik,
1192 2473 1404 2508 Cartulaire
1419 2474 1466 2514 H,
1480 2474 1546 2507 fol.
1561 2464 1718 2516 2752213‘8'3

473 2527 682 2572 afgedrukt
698 2529 747 2572 bij
768 2528 945 2572 Cauchie,
963 2528 1091 2564 Nicole
1106 2528 1310 2572 Serrurier,
1329 2528 1401 2563 blz.
1419 2528 1576 2564 277-322.

731 2673 831 2717 143
865 2666 1068 2731 (266bis).

138 2794 260 2848 1423,
296 2794 456 2840 Maart
479 2797 549 2848 23,
585 2796 808 2841 Doornz'k,
846 2796 1090 2842 Uittreksel
1123 2797 1186 2842 uit
1223 2797 1276 2841 de
1320 2797 1716 2856 stadsrekeningen

76 2877 184 2908 over
201 2865 280 2909 het
300 2865 562 2909 verklikken
580 2879 662 2909 aan
685 2865 769 2910 den
789 2865 993 2924 hisschop
1014 2881 1102 2911 van
1120 2867 1172 2911 de
1193 2867 1479 2926 schuilplaats
1511 2883 1597 2914 van
1629 2868 1714 2913 den

78 2931 227 2978 ketter
249 2933 374 2979 Gillis
413 2934 643 2990 Mersault,
676 2934 744 2979 die
770 2936 922 2994 eenige
955 2936 1095 2993 dagen
1118 2939 1160 2981 te
1183 2949 1334 2991 voren,
1370 2938 1402 2982 's
1433 2937 1607 2993 nachts,
1631 2952 1712 2984 een
