2050 3470
306 300 370 333 234
995 291 1133 326 ANNO
1159 291 1244 325 1419

350 423 365 437 u
385 408 475 441 Cum
514 405 607 440 alias
642 403 981 439 reuerendissimus
1008 402 1117 444 pater
1141 402 1312 436 dominus
1335 404 1554 446 patriarcha
1593 404 1932 451 Constantinopoli-

306 467 415 498 tanus
444 463 480 496 in
509 460 665 495 consilio
691 458 967 493 Constanticnsi
996 458 1165 491 ciusdem
1191 458 1338 500 concilij
1365 461 1602 502 auctoritate,
1628 471 1805 504 processu
1834 473 1932 497 com-

305 519 494 553 municato
512 516 701 558 J'udicibus
726 514 959 558 generaliter
984 521 1098 554 super
1122 514 1196 546 fide
1228 514 1416 556 deputatis
1449 516 1486 548 et
1517 516 1562 549 de
1587 525 1718 550 eorum
1750 527 1932 553 consensu

304 584 369 609 seu
408 572 563 615 majoris
608 571 727 613 partis
765 578 909 609 eorum,
951 568 1087 611 viginti
1128 570 1211 601 octo
1259 569 1451 610 articulos,
1489 580 1581 612 quos
1621 572 1773 613 quidam
1811 574 1932 608 frater

304 628 483 663 Nicolaus
502 626 722 667 Serrurarij,
738 625 881 658 ordinis
906 623 1179 657 heremitarum
1196 625 1297 658 beati
1321 625 1524 668 Augustini
1551 627 1590 659 in
1614 627 1769 661 ciuitate
1793 628 1933 662 Torna-

302 684 419 723 censi,
438 692 481 716 ac
497 682 665 716 eiusdem
694 681 768 722 (sic)
793 679 1025 712 Tornacensi
1043 688 1086 712 ac
1116 679 1378 713 Cameracensi
1407 680 1617 721 diocesibus
1635 682 1672 714 et
1698 681 1738 714 in
1761 681 1934 724 pluribus

302 739 385 781 alijs
402 737 495 771 locis
512 736 789 769 circumvicinis
806 735 845 767 in
862 734 990 766 odium
1018 733 1110 766 cleri
1142 733 1324 775 populum
1356 731 1647 774 commonendo,
1666 735 1847 769 aduersus
1863 736 1934 771 cle-

301 803 385 827 rum
423 791 636 835 predicauit
664 792 702 824 et
733 790 1014 833 dogmatizavit,
1046 799 1115 832 per
1147 790 1376 823 sententiam
1399 790 1641 823 diffinitiuam
1668 791 1870 833 judicasset
1896 795 1936 827 et

300 847 624 889 condempnasset,
653 845 843 887 reperitur
874 845 1007 887 expost
1030 846 1247 886 presentata
1271 855 1342 878 vna
1369 845 1583 878 commissio
1611 847 1930 882 reuerendissimo

301 905 338 938 in
357 903 503 937 Christo
521 902 620 944 patri
637 901 787 934 domino
812 900 995 934 cardinali
1012 900 1232 941 Veronensi,
1260 902 1297 934 et
1321 902 1405 942 post
1426 902 1506 934 eius
1524 902 1718 935 decessum
1734 912 1803 944 per
1819 913 1931 946 gene-

302 959 422 992 ralem
454 957 755 991 commissionem
783 956 934 988 domino
962 956 1207 989 Venetiarum
1247 957 1401 998 juniori,
1435 958 1473 989 et
1510 956 1679 990 vltimate
1713 967 1782 999 per
1820 959 1933 993 aliam

302 1013 520 1058 generalem
538 1012 839 1045 commissionem
857 1011 1007 1043 domino
1034 1010 1327 1053 Acquilegiensi.
1348 1012 1460 1044 Cuius
1484 1012 1593 1044 tenor
1616 1013 1785 1054 sequitur
1801 1013 1839 1046 in
1863 1013 1934 1048 hec

302 1070 416 1103 verba
435 1078 443 1101 ε
464 1082 477 1098 ι
498 1067 721 1102 Beatissime
737 1067 857 1108 pater.
885 1066 976 1099 Cum
1002 1067 1047 1099 de
1064 1076 1161 1099 anno
1180 1066 1380 1099 millesimo
1399 1067 1770 1109 quadringentesimo
1787 1069 1932 1102 decimo

302 1126 448 1164 octauo,
476 1123 536 1156 die
554 1123 776 1156 duodecima
791 1122 930 1155 mensis
955 1121 1109 1163 Aprilis,
1135 1122 1238 1154 etsie
1253 1119 1422 1164 deinceps
1445 1120 1490 1154 de
1513 1121 1619 1155 verbo
1643 1121 1694 1155 ad
1715 1123 1870 1157 verbum
1892 1128 1934 1158 ut

299 1189 416 1223 supra
433 1177 483 1213 ad
508 1177 598 1212 haec
631 1187 748 1222 usque
775 1175 909 1210 verba:
940 1186 1024 1209 cum
1052 1186 1126 1209 non
1156 1177 1391 1209 obstantibus
1418 1177 1456 1209 et
1483 1177 1660 1210 clausulis
1688 1179 1896 1220 oportunis.
1915 1194 1932 1209 2,

298 1235 375 1276 (Zie
392 1235 610 1274 hierboven,
629 1233 698 1266 blz.
717 1231 891 1274 232-233.)
916 1231 978 1266 Sic
1001 1232 1172 1275 signata:
1202 1245 1217 1259 ιι
1237 1232 1291 1264 De
1316 1232 1492 1265 mandato
1522 1233 1664 1265 domini
1691 1234 1810 1266 nostri
1837 1243 1933 1277 pape

299 1290 428 1323 audiat
444 1290 544 1322 idem
561 1288 900 1322 reuerendissimus
917 1287 1025 1329 pater
1042 1287 1214 1320 dominus
1232 1287 1447 1327 cardinalis,
1466 1287 1616 1331 redigat
1631 1288 1670 1321 in
1687 1289 1826 1323 statum
1843 1290 1932 1332 etc.,

299 1346 479 1388 procedat
495 1346 537 1378 ut
552 1345 705 1387 petitur.
727 1356 743 1373 »
864 1380 866 1383 ⁸
1342 1352 1343 1355 ¹

344 1415 360 1428 u
379 1401 603 1434 Beatissime
620 1401 739 1442 pater.
756 1399 862 1432 Licet
878 1399 917 1432 in
934 1400 1009 1432 vim
1033 1400 1141 1433 istius
1167 1400 1441 1432 commissionis
1466 1400 1515 1433 sit
1538 1401 1584 1433 ad
1609 1400 1810 1434 nonnullos
1826 1401 1932 1434 actus

299 1456 339 1489 in
356 1456 488 1488 eadem
516 1464 640 1494 causa,
670 1454 775 1487 cuius
793 1454 932 1487 statum
960 1453 1142 1487 habentes
1160 1464 1227 1496 pro
1252 1463 1445 1496 expreSSO,
1475 1464 1601 1488 coram
1621 1456 1753 1489 eodem
1781 1455 1932 1488 domino

300 1511 482 1544 cardinali
496 1520 726 1553 processum,
752 1511 877 1543 tamen
891 1510 1053 1542 vertitur
1069 1510 1107 1542 in
1126 1510 1292 1549 dubium,
1312 1518 1438 1542 coram
1456 1510 1555 1542 dicto
1574 1510 1724 1543 domino
1742 1511 1936 1544 cardinale

251 1575 254 1578 ⁴
297 1566 572 1608 Aquilegiensi‚
588 1574 659 1606 que
685 1566 722 1598 et
739 1565 863 1606 qualis
879 1565 1092 1607 J'urisdictio
1118 1565 1166 1597 sit
1183 1565 1307 1598 eidem
1323 1565 1474 1598 domino
1492 1566 1676 1599 cardinali
1691 1566 1731 1599 in
1743 1566 1818 1598 vim
1835 1566 1934 1601 dicte

297 1621 573 1654 commissionis
601 1630 791 1662 concessa,
810 1622 848 1653 et
874 1622 998 1652 vtrum
1017 1620 1065 1652 sit
1089 1620 1310 1653 intentionis
1328 1621 1452 1654 vestre
1475 1621 1697 1661 sanctitatis,
1716 1622 1815 1663 quod
1831 1621 1933 1655 idem

294 1678 415 1711 frater
447 1678 626 1711 Nicolaus
657 1687 771 1720 super
807 1678 950 1711 eisdem
982 1677 1152 1710 articulis
1185 1678 1325 1710 dudum
1357 1677 1527 1718 tempore
1564 1675 1639 1709 late
1674 1675 1860 1709 sententie
1890 1676 1930 1709 in

295 1733 455 1767 concilio
473 1734 751 1766 Constantiensi
779 1742 848 1775 per
875 1742 962 1766 eum
990 1733 1179 1766 reuocatis
1207 1733 1253 1765 de
1282 1742 1378 1765 nouo
1408 1731 1543 1765 debeat
1570 1731 1693 1764 audiri
1710 1731 1748 1764 et
1764 1739 1836 1772 que
1852 1730 1929 1764 sint

294 1790 422 1831 partes
446 1789 537 1821 dicti
566 1789 708 1821 domini
733 1789 935 1822 cardinalis
951 1789 1181 1830 procedendi
1205 1788 1244 1820 in
1262 1788 1332 1821 hac
1356 1797 1480 1827 causa,
1497 1787 1661 1820 maxime
1685 1796 1732 1820 ex
1754 1795 1799 1820 eo
1824 1787 1925 1829 quia,

294 1844 326 1876 si
352 1844 453 1877 idem
481 1845 601 1877 frater
629 1844 808 1877 Nicolaus
836 1844 1103 1877 admitteretur
1130 1844 1176 1876 ad
1204 1844 1482 1877 defendendum
1510 1843 1709 1876 materiam
1739 1842 1926 1876 dictorum

294 1899 541 1932 articulorum
568 1908 636 1941 per
664 1908 749 1932 eum
777 1900 816 1931 vt
843 1900 1035 1941 prefertur
1062 1900 1340 1939 reuocatorum,
1360 1899 1527 1931 obstaret
1554 1898 1638 1939 sibi,
1667 1898 1705 1931 et
1721 1898 1767 1931 de
1781 1898 1867 1940 J'ure
1884 1907 1928 1931 ac

293 1954 578 1988 racionabiliter
595 1954 745 1988 obstare
763 1954 876 1988 debet
902 1955 1159 1997 juramentum
1182 1963 1251 1996 per
1267 1963 1352 1987 eum
1368 1954 1582 1996 prestitum,
1599 1962 1668 1996 per
1691 1953 1791 1995 quod
1808 1953 1928 1987 dictos

296 2010 476 2043 articulos
492 2010 689 2043 reuocauit
705 2011 743 2043 et
767 2011 919 2043 eosdem
936 2020 1010 2043 non
1028 2010 1124 2043 velle
1142 2010 1302 2052 amplius
1318 2010 1516 2052 predicare
1533 2018 1655 2050 neque
1672 2009 1928 2052 dogmatizare

293 2066 478 2107 promisit.
498 2064 675 2099 Obstaret
706 2066 820 2099 etiam
852 2066 1161 2108 procuratoribus
1190 2066 1364 2098 ordinum
1391 2065 1699 2104 mendicantium,
1718 2065 1764 2098 de
1791 2065 1927 2106 quibus

292 2120 332 2152 in
349 2121 449 2153 dicta
466 2120 729 2154 commissione
747 2121 791 2153 fit
815 2121 971 2161 mentio,
990 2122 1088 2162 quod
1106 2121 1292 2154 mandatis
1310 2121 1443 2154 saltem
1461 2119 1733 2153 sufficientibus
1749 2119 1795 2152 ad
1813 2128 1926 2162 agen·

293 2176 380 2208 dum
398 2177 436 2209 et
452 2177 730 2209 defendendum
746 2177 785 2208 in
802 2176 872 2209 hac
901 2186 1012 2209 causa
1029 2186 1103 2209 non
1121 2177 1207 2209 sunt
1222 2176 1345 2209 fulciti
1361 2176 1420 2209 vel
1452 2176 1586 2209 saltem
1613 2175 1806 2216 hucusque
1834 2174 1926 2208 talia

291 2232 468 2264 mandata
499 2241 574 2264 non
605 2232 878 2273 produxerunt.
914 2232 1090 2265 Obstaret
1120 2232 1234 2265 etiam
1259 2232 1357 2273 quod
1388 2231 1427 2264 in
1444 2231 1544 2264 dicta
1560 2230 1822 2263 commissione
1849 2239 1925 2264 non

289 2287 506 2328 repperitur
533 2287 639 2319 actor
666 2296 735 2320 nec
762 2296 849 2320 reus
878 2296 947 2320 nec
979 2296 1040 2320 ros
1072 2287 1281 2330 designata,
1314 2295 1427 2329 super
1451 2296 1524 2328 qua
1552 2286 1616 2329 agi
1647 2286 1686 2319 et
1710 2285 1923 2328 jurisdictio

290 2341 408 2384 ipsius
425 2342 565 2383 dominj
585 2342 787 2375 cardinalis
801 2343 951 2375 fundari
964 2343 1094 2384 possit.

335 2410 350 2423 ιι
366 2397 423 2430 Ne
440 2406 546 2440 erg0,
576 2397 792 2431 beatissime
820 2398 940 2440 pater,
968 2398 1179 2439 jurisdictio
1215 2398 1305 2430 dicti
1337 2397 1479 2430 domini
1511 2395 1714 2430 cardinalis
1738 2396 1925 2430 derisoria

290 2451 489 2483 censeatur
516 2451 554 2483 et
569 2451 856 2484 fundamentum
883 2451 1033 2491 habeat,
1063 2451 1355 2492 scandalumque
1383 2451 1482 2492 quod
1507 2460 1553 2483 ex
1569 2449 1642 2483 hoc
1665 2449 1924 2484 verisimiliter

290 2506 416 2547 posset
432 2505 586 2538 euenire
600 2506 881 2546 submoueatur,
897 2507 1075 2549 dignetur
1094 2507 1272 2539 sanctitas
1289 2507 1413 2539 vestra
1430 2506 1553 2539 eidem
1570 2505 1720 2538 domino
1738 2504 1922 2539 cardinali

288 2569 335 2593 ex
359 2561 463 2594 certa
479 2561 637 2594 scientia
660 2562 897 2595 committere
922 2562 960 2595 et
976 2562 1168 2602 mandare,
1195 2563 1245 2602 vt,
1265 2562 1295 2594 si
1313 2562 1384 2594 sibi
1402 2571 1448 2594 ex
1462 2561 1555 2594 actis
1580 2569 1691 2594 cause
1707 2561 1922 2594 constiterit

287 2616 425 2649 dictam
443 2617 668 2650 sententiam
686 2618 825 2659 dominj
845 2618 1060 2660 patriarche
1077 2619 1116 2650 in
1133 2627 1215 2651 rem
1231 2618 1451 2651 transiuisse
1467 2618 1685 2659 judicatam,
1704 2617 1920 2658 dictumque

286 2672 444 2705 fratrem
476 2672 687 2712 Nicolaum,
713 2673 760 2706 de
777 2673 933 2706 consilio
959 2674 1147 2714 quondam
1164 2673 1354 2716 generalis
1379 2673 1547 2706 eiusdem
1571 2672 1726 2712 ordinis,
1751 2673 1919 2715 prefatos

287 2727 466 2759 articulos
494 2727 644 2769 publice
672 2737 871 2762 reuocasse
911 2730 949 2762 et
981 2729 1132 2762 eosdem
1164 2729 1325 2780 amplius
1358 2738 1431 2761 non
1462 2728 1560 2762 velle
1595 2728 1850 2771 dogmatizare
1881 2729 1920 2761 et

287 2782 483 2823 predicare
513 2783 744 2824 promisisse,
774 2780 1114 2825 procuratoresque
1143 2784 1317 2817 ordinum
1347 2783 1643 2817 mendicantium
1669 2784 1846 2816 mandata
1872 2783 1919 2817 ad

287 2836 384 2869 hanc
400 2846 551 2870 causam
577 2838 756 2871 facientia
773 2848 847 2871 non
864 2839 1097 2880 produxisse,
1116 2839 1175 2872 vel
1193 2840 1306 2873 etiam
1324 2839 1446 2881 quoad
1474 2848 1538 2872 eos
1561 2839 1600 2872 in
1617 2847 1698 2872 rem
1713 2839 1918 2881 judicatam

286 2892 519 2932 transiuisse,
538 2901 606 2934 per
633 2894 771 2926 dictam
796 2894 1023 2927 sententiam
1045 2895 1153 2936 Juxta
1177 2895 1257 2928 eius
1274 2896 1435 2928 formam
1451 2895 1489 2928 et
1505 2895 1688 2935 tenorem,
1705 2892 1766 2927 vel
1783 2893 1917 2927 saltem

286 2946 324 2979 in
342 2955 386 2979 ea
402 2948 509 2989 parte
536 2947 575 2980 in
594 2957 667 2990 qua
683 2949 899 2991 repperitur
915 2949 988 2982 rite
1016 2949 1105 2990 lata,
1134 2950 1360 2983 auctoritate
1384 2949 1603 2992 apostolica,
1621 2958 1668 2983 ex
1685 2948 1821 2989 officio,
1840 2948 1914 2982 alio

285 3002 417 3035 ordine
432 3002 631 3044 judiciario
650 3004 907 3047 pretermisso,
925 3005 971 3038 de
995 3005 1151 3039 consilio
1169 3006 1366 3039 doctorum
1388 3005 1465 3039 tam
1482 3005 1521 3039 in
1537 3004 1731 3049 theologia
1746 3013 1858 3048 quam
1872 3003 1912 3039 in
