2050 3470
327 283 390 315 182
1007 276 1144 312 ANNO
1169 275 1252 310 1398

331 393 596 436 magistrorum
611 390 886 424 Coloniensiuin
916 388 1227 421 determinatione
1252 386 1390 420 muniri
1415 394 1454 420 sc
1479 394 1649 420 asserens
1670 386 1709 419 ct
1731 386 1789 419 sui
1811 386 1944 420 tentio-

335 457 419 482 nem
445 450 483 480 ut
501 447 641 479 licitam
661 445 831 478 roborari
848 455 855 477 ;
875 444 979 483 Quod
996 443 1131 475 falsum
1154 451 1250 481 esse,
1268 443 1342 474 imo
1360 442 1497 474 dictam
1529 441 1881 475 determinationem
1897 442 1944 475 ad

331 503 519 536 munimen
538 502 705 543 ejusdcm
722 499 927 541 improprie
945 499 983 531 et
1007 498 1137 530 contra
1153 497 1401 529 intentionem
1425 496 1591 538 ipsorum
1616 496 1946 529 determinantium

330 557 558 597 detorqueri,
584 556 687 597 patet.
703 555 896 587 evidenter
919 553 1033 585 verba
1049 551 1224 585 thematis
1242 552 1358 592 ipsius
1382 551 1596 592 praedictae
1621 550 1945 584 determinationis

330 611 554 654 ponderanti
571 611 609 643 et
626 609 833 642 conferenti
851 608 895 641 ad
914 616 970 647 ca,
989 615 1084 648 quac
1101 607 1308 647 sequuntur
1324 607 1492 638 extracta
1509 606 1554 638 de
1570 606 1675 638 Actis
1688 605 1947 646 Inquisitionis

330 676 398 708 per
410 665 669 698 honorabilem
687 672 815 696 sacrae
830 662 1043 704 theologiae
1057 662 1278 703 magistrum
1292 661 1448 693 fratrem
1463 660 1666 702 Eylardum
1680 659 1946 699 Schoenevcld,

332 721 474 753 ordinis
490 721 650 752 fratrum
667 718 980 759 praedicatorum,
1007 716 1267 756 inquisitorem
1285 714 1481 754 Saxoniac,
1500 723 1596 747 anno
1615 714 1700 748 13...
1717 714 1755 747 in
1773 713 1946 748 Traiecto

332 778 370 809 ct
387 775 477 807 loeis
491 771 1025 814 circumjacentibuslegitime
1049 771 1183 803 factae.

376 830 542 862 Habctur
559 829 657 861 enim
676 837 723 860 cx
739 827 840 861 Actis
854 826 1067 867 hujusmodi
1085 825 1278 858 evidenter
1295 825 1332 857 ct
1347 824 1559 866 manifeste,
1577 825 1675 865 quod
1691 824 1730 856 in
1748 824 1857 857 dictis
1872 824 1950 866 Jam

332 884 501 927 partibus
533 883 702 915 diversae
734 883 820 913 sunt
851 880 1164 923 congregationes
1195 889 1268 911 non
1300 879 1420 911 solum
1445 879 1681 919 clericorum,
1706 879 1772 912 sed
1788 879 1950 912 maxime

334 939 596 976 foeminarum,
623 946 717 978 quac
734 937 771 968 in
790 936 945 968 diversis
963 935 1133 967 domibus
1150 933 1318 976 singulas
1342 933 1508 966 Marthas
1525 933 1749 966 habentibus
1776 933 1886 966 simul
1910 934 1949 966 in

334 993 521 1026 communi
549 992 617 1024 sub
642 1000 732 1024 cura
755 992 793 1023 ct
816 990 1001 1032 regimine
1040 989 1256 1022 earumdem
1281 988 1513 1021 Martharum
1538 989 1692 1031 degunt,
1717 997 1786 1021 nec
1809 988 1950 1030 aliquid

334 1048 491 1091 proprii,
510 1048 586 1080 sive
610 1046 820 1088 pecuniam,
845 1046 921 1078 sive
945 1046 1099 1084 vestem,
1124 1044 1182 1076 vel
1212 1052 1481 1084 quamcumque
1498 1053 1578 1076 rem
1602 1044 1640 1075 in
1663 1043 1860 1085 singulari,
1886 1043 1951 1076 sed

336 1103 461 1136 omnia
478 1103 516 1134 in
533 1101 720 1134 communi
745 1100 939 1139 habentes,
957 1099 1093 1141 partim
1111 1099 1157 1132 de
1174 1098 1364 1131 laboribus
1381 1107 1558 1130 manuum
1574 1107 1642 1140 pro
1659 1098 1808 1140 majori,
1825 1098 1890 1131 aut
1905 1098 1952 1131 de

336 1157 586 1198 eleemos5nis
617 1157 664 1189 ad
694 1156 844 1188 modum
876 1154 1142 1197 religiosorum
1173 1154 1312 1185 vivunt.
1344 1153 1484 1191 Quibus
1515 1162 1590 1185 non
1621 1152 1710 1186 licet
1741 1153 1952 1194 comedere,

337 1213 480 1251 bibere,
499 1212 644 1250 sedere,
662 1211 774 1250 stare,
793 1218 963 1252 surgere,
982 1209 1099 1248 exire,
1117 1208 1219 1249 loqui
1236 1207 1293 1241 vel
1308 1208 1472 1240 dormire
1490 1209 1553 1240 aut
1577 1208 1835 1248 quodcumque
1852 1207 1954 1240 aliud

336 1269 463 1300 facere
479 1267 559 1298 sine
587 1265 740 1307 speciali
765 1264 918 1297 licentia
934 1263 1105 1297 Marthae
1129 1262 1186 1295 vel
1205 1261 1451 1296 Submarthae
1468 1263 1586 1303 petita
1609 1263 1648 1295 et
1663 1262 1829 1295 obtenta.
1852 1262 1954 1300 Quae

338 1324 440 1354 certo
458 1321 566 1363 signo
594 1321 640 1353 ad
665 1320 947 1359 comedendum,
973 1319 1168 1359 orandum,
1197 1317 1325 1359 culpas
1352 1317 1550 1349 dicendum
1567 1318 1605 1350 ct
1632 1317 1678 1349 ad
1695 1317 1955 1350 dormiendum

338 1375 395 1409 vel
414 1375 690 1418 evigclandum,
719 1375 815 1406 sicut
841 1373 1025 1417 religiosi,
1051 1373 1243 1412 vocantur,
1273 1372 1476 1405 secundum
1491 1380 1648 1412 quarum
1664 1372 1825 1405 formam
1841 1372 1956 1405 etiam

339 1429 547 1464 Benedicite
574 1430 660 1463 ante
684 1430 722 1462 et
748 1427 901 1462 Gratias
916 1429 1000 1470 post
1025 1436 1205 1466 mensam,
1231 1427 1270 1458 in
1287 1426 1434 1469 vulgari
1462 1427 1603 1468 dicunt,
1627 1427 1739 1467 atque
1755 1426 1956 1460 lectionem

339 1495 408 1528 per
438 1487 556 1518 totam
588 1493 756 1517 mensam
787 1483 941 1516 silentes
972 1483 1140 1521 audiunt,
1165 1483 1261 1514 sicut
1298 1483 1336 1514 et
1365 1482 1405 1513 in
1444 1481 1568 1514 Coena
1591 1481 1742 1514 Domini
1776 1481 1957 1515 lotionem

340 1541 478 1583 pedum
506 1539 753 1578 celebrantes,
790 1547 1001 1571 sermonem
1036 1537 1273 1570 Dominicum
1308 1545 1376 1578 per
1410 1545 1522 1569 unam
1557 1545 1726 1569 sororem
1747 1536 1786 1569 in
1810 1536 1958 1579 vulgari

340 1596 460 1628 totum
477 1595 554 1637 legi
571 1594 726 1627 faciunt.
750 1591 952 1626 Venientes
989 1592 1115 1626 autem
1145 1593 1191 1625 ad
1219 1600 1405 1624 cameram
1423 1591 1626 1624 oratoriam
1643 1591 1801 1633 singulis
1818 1591 1957 1632 diebus,

341 1650 400 1684 vel
417 1650 514 1682 sicut
530 1648 702 1682 Marthae
718 1649 850 1681 domus
873 1647 1071 1690 placuerit,
1089 1645 1238 1679 Martha
1267 1646 1306 1678 in
1331 1655 1397 1679 sua
1421 1646 1509 1679 sede
1537 1645 1617 1679 sola
1642 1645 1844 1686 residente,
1862 1646 1960 1680 aliae

343 1706 469 1738 autem
497 1713 543 1737 ex
575 1705 734 1744 utroque
751 1703 870 1736 latere
900 1702 940 1734 in
967 1702 1126 1744 genibus
1161 1701 1237 1734 suis
1265 1701 1561 1740 circumstantes,
1587 1699 1805 1743 singulatim
1831 1701 1960 1743 culpas

343 1769 428 1792 suas
445 1759 573 1791 dicunt
586 1767 625 1791 se
638 1759 737 1799 ipsas
754 1757 1041 1799 proclamantes,
1056 1756 1114 1789 vel
1131 1756 1176 1789 ab
1193 1755 1290 1795 aliis,
1308 1756 1339 1788 si
1356 1756 1443 1797 quid
1457 1756 1502 1789 ab
1520 1756 1574 1788 eis
1587 1756 1720 1796 sciunt,
1734 1755 1961 1797 proclamari

343 1815 489 1856 petunt,
509 1815 546 1846 et
562 1822 702 1855 poenas
719 1822 741 1845 a
758 1811 907 1845 Martha
919 1812 1107 1853 injunctas
1135 1811 1354 1844 obedienter
1370 1811 1569 1852 recipiunt.
1589 1810 1691 1849 Quae
1708 1811 1834 1844 omnia
1849 1811 1887 1844 et
1902 1810 1961 1845 his

345 1868 496 1908 similia,
514 1868 604 1901 licet
620 1868 665 1901 de
681 1876 720 1900 se
737 1877 812 1899 non
829 1867 903 1899 sint
919 1866 1030 1905 mala,
1047 1866 1160 1898 immo
1178 1866 1276 1898 bona
1289 1866 1326 1898 et
1338 1865 1554 1905 laudabilia,
1568 1864 1677 1897 multi
1689 1865 1814 1898 tamen
1831 1866 1963 1899 contra

343 1923 445 1965 ipsas
462 1923 636 1964 clamant,
666 1931 780 1955 novas
810 1922 1122 1964 congregationes
1140 1921 1186 1953 ad
1213 1921 1365 1953 modum
1387 1920 1653 1962 religiosorum
1675 1920 1829 1962 propria
1844 1921 1962 1954 teme·

345 1979 459 2012 ritate
482 1979 608 2011 facere
626 1978 706 2010 sine
720 1977 873 2010 licentia
889 1976 1042 2018 speciali
1059 1976 1157 2009 sedis
1174 1975 1401 2017 apostolicae
1418 1985 1491 2008 non
1507 1975 1635 2008 licere.

391 2033 542 2066 Habent
567 2034 603 2066 et
621 2032 714 2065 alias
731 2032 987 2064 observantias
1003 2030 1114 2072 plane
1131 2031 1177 2063 de
1200 2031 1404 2072 praesenti,
1421 2030 1479 2063 vel
1497 2030 1630 2063 saltem
1647 2030 1692 2063 de
1714 2031 1842 2063 tuturo
1863 2031 1962 2065 malo

349 2090 552 2130 suspectas.
580 2087 674 2126 Quia
691 2096 838 2120 sorores
856 2096 930 2119 non
946 2086 1217 2128 permittuntur
1243 2086 1299 2118 ire
1316 2086 1363 2118 ad
1390 2086 1665 2118 sacramentum
1691 2085 1962 2127 recipiendum,

349 2144 395 2177 ad
413 2144 577 2175 officium
595 2143 760 2174 divinum
788 2141 1086 2181 auscultandum,
1104 2141 1150 2173 ad
1168 2141 1441 2173 confessionem
1456 2140 1668 2173 faciendam
1691 2141 1729 2173 et
1744 2141 1790 2173 ad
1817 2142 1963 2183 praedi-

348 2198 535 2231 cationem
552 2197 776 2230 audiendam
790 2197 994 2229 secundum
1011 2196 1247 2228 devotionem
1263 2195 1471 2237 propriam,
1489 2195 1554 2228 sed
1570 2194 1691 2227 solum
1707 2196 1868 2236 quando,
1885 2196 1963 2237 ubi,

349 2254 409 2286 cui
426 2254 464 2286 et
480 2262 501 2286 a
525 2262 597 2294 quo
613 2253 757 2293 jussum
773 2251 831 2284 vel
848 2251 1081 2284 licentiatum
1098 2250 1214 2283 fuerit
1228 2259 1297 2292 per
1313 2249 1513 2290 Martham,
1535 2259 1630 2291 quae
1654 2251 1745 2283 dicit
1760 2250 1826 2291 eis,
1843 2251 1964 2293 magis

349 2317 431 2341 esse
454 2307 691 2340 meritorium
707 2306 921 2348 huJusmodi
945 2314 991 2338 ex
1008 2305 1222 2338 obedientia
1245 2314 1312 2337 sua
1328 2305 1518 2338 dimittere
1535 2314 1646 2346 quam
1662 2305 1866 2338 secundum
1881 2315 1966 2348 pro-

348 2363 474 2406 prium
501 2361 779 2403 beneplacitum
808 2362 946 2394 facere.
976 2360 1060 2393 Non
1085 2360 1186 2393 enim
1209 2360 1432 2401 permittunt
1455 2368 1518 2392 eas
1545 2360 1591 2392 ab
1618 2359 1743 2401 aliquo
1768 2360 1890 2393 audiri
1905 2361 1964 2394 vel

349 2417 513 2458 aliquem
530 2417 675 2456 audire,
703 2416 776 2448 nisi
803 2416 958 2448 credant
974 2424 1058 2448 eum
1076 2424 1160 2447 cum
1183 2415 1259 2447 suis
1287 2414 1534 2447 observantiis
1562 2414 1785 2454 consentire,
1804 2423 1851 2448 ne
1866 2415 1965 2449 forte

349 2472 444 2506 alios
460 2471 645 2505 audiendo
677 2471 860 2512 incipiant
890 2471 936 2503 de
965 2470 1093 2502 multis
1121 2469 1367 2502 observantiis
1399 2469 1665 2502 conscientiam
1681 2468 1833 2509 habere,
1862 2479 1966 2503 occa-

349 2527 567 2568 sionemque
580 2525 743 2559 habeant
756 2525 1088 2568 congregationem
1106 2525 1293 2557 deserere.
1309 2524 1471 2565 Propter
1486 2524 1584 2565 quod
1601 2514 1730 2557 dicunt
1745 2523 1915 2558 Marthae
1928 2526 1967 2558 et

349 2582 530 2621 senioreS,
563 2590 712 2614 omnem
750 2580 1003 2613 confessiones
1029 2580 1244 2612 audientem
1271 2578 1330 2612 vel
1354 2578 1509 2611 verbum
1536 2579 1606 2611 Dei
1637 2579 1965 2621 quantumcunque

349 2636 534 2670 catholice
547 2636 841 2677 praedicantem,
855 2643 966 2675 quem
979 2643 1053 2666 non
1067 2634 1243 2667 estimant
1259 2634 1303 2666 de
1321 2642 1387 2666 sua
1400 2633 1609 2673 affectione,
1624 2643 1698 2666 non
1710 2634 1967 2667 edificatorem

349 2692 524 2724 existere.
545 2690 644 2728 Quos
675 2691 952 2722 consueuerunt
968 2689 1021 2721 sic
1036 2689 1210 2730 probare.
1230 2687 1324 2727 Quia
1340 2687 1511 2720 Marthae
1539 2687 1597 2720 vel
1625 2687 1734 2728 aliae,
1752 2688 1885 2730 quibus
1912 2689 1966 2721 sic

348 2746 572 2788 injungitur,
602 2746 746 2777 mutato
771 2744 913 2784 habitu,
939 2743 1076 2776 talibus
1108 2744 1380 2776 confessionem
1397 2742 1552 2782 faciunt,
1581 2743 1618 2775 et
1634 2742 1755 2775 adhuc
1778 2743 1966 2776 seculares

349 2809 445 2842 esse,
463 2801 502 2833 et
528 2799 863 2842 congregationem
879 2808 1051 2831 sororum
1066 2799 1209 2831 intrare
1226 2797 1322 2831 velle
1339 2806 1378 2830 se
1396 2797 1544 2839 fingunt
1559 2798 1599 2830 et
1621 2797 1748 2830 statim
1764 2806 1876 2839 super
1892 2797 1964 2830 hoc

349 2855 519 2894 consilio,
540 2855 628 2895 quid
646 2854 833 2895 expediat,
850 2854 968 2895 petito
985 2854 1024 2886 et
1039 2854 1165 2886 audito
1182 2853 1408 2895 percipiunt,
1427 2851 1515 2893 quid
1532 2852 1578 2885 de
1595 2852 1694 2885 statu
1710 2861 1881 2885 sororum
1895 2861 1964 2895 pro

349 2909 407 2943 vel
425 2911 556 2942 contra
573 2909 739 2942 sentiunt
755 2910 793 2942 et
808 2909 1019 2942 intendunt.
1754 2907 1760 2913 '

392 2964 460 2998 Est
475 2965 513 2998 et
529 2964 630 2998 aliud
654 2973 728 2997 non
751 2963 874 2999 minus
898 2963 1122 3006 suspectum.
1137 2962 1306 2997 Instante
1333 2962 1433 2996 enim
1457 2962 1639 3006 tempore,
1664 2971 1737 3006 quo
1760 2962 1965 2998 secundum
