<?xml version="1.0" encoding="UTF-8"?>
<!DOCTYPE html PUBLIC "-//W3C//DTD XHTML 1.0 Transitional//EN"
    "http://www.w3.org/TR/xhtml1/DTD/xhtml1-transitional.dtd">
<html xmlns="http://www.w3.org/1999/xhtml" xml:lang="en" lang="en">
 <head>
  <title>
</title>
<meta http-equiv="Content-Type" content="text/html;charset=utf-8" />
  <meta name='ocr-system' content='tesseract 3.04.00' />
  <meta name='ocr-capabilities' content='ocr_page ocr_carea ocr_par ocr_line ocrx_word'/>
</head>
<body>
  <div class='ocr_page' id='page_1' title='image "./corpusdocumentor02fruoft_0151.png"; bbox 0 0 2050 3470; ppageno 0'>
   <div class='ocr_carea' id='block_1_1' title="bbox 808 296 1758 331">
    <p class='ocr_par' dir='ltr' id='par_1_1' title="bbox 808 296 1758 331">
     <span class='ocr_line' id='line_1_1' title="bbox 808 296 1758 331; baseline 0.001 -1"><span class='ocrx_word' id='word_1_1' title='bbox 808 296 948 330; x_wconf 91' lang='lat' dir='ltr'><strong>ANNO</strong></span> <span class='ocrx_word' id='word_1_2' title='bbox 976 296 1060 329; x_wconf 77' lang='lat'>1349</span> <span class='ocrx_word' id='word_1_3' title='bbox 1701 298 1758 331; x_wconf 80' lang='lat'>121</span> 
     </span>
    </p>
   </div>
   <div class='ocr_carea' id='block_1_2' title="bbox 466 406 1758 723">
    <p class='ocr_par' dir='ltr' id='par_1_2' title="bbox 466 406 1758 723">
     <span class='ocr_line' id='line_1_2' title="bbox 466 406 1758 451; baseline 0 -10"><span class='ocrx_word' id='word_1_4' title='bbox 466 407 584 441; x_wconf 84' lang='lat' dir='ltr'><em>Breve</em></span> <span class='ocrx_word' id='word_1_5' title='bbox 599 406 800 441; x_wconf 77' lang='lat' dir='ltr'><em>chronicon</em></span> <span class='ocrx_word' id='word_1_6' title='bbox 822 406 1030 441; x_wconf 82' lang='lat' dir='ltr'>Flandriae</span> <span class='ocrx_word' id='word_1_7' title='bbox 1051 406 1173 442; x_wconf 79' lang='lat' dir='ltr'>clerici</span> <span class='ocrx_word' id='word_1_8' title='bbox 1187 408 1382 451; x_wconf 79' lang='lat' dir='ltr'><em>anonymi,</em></span> <span class='ocrx_word' id='word_1_9' title='bbox 1408 409 1456 450; x_wconf 82' lang='lat' dir='ltr'>bij</span> <span class='ocrx_word' id='word_1_10' title='bbox 1478 409 1644 449; x_wconf 79' lang='lat' dir='ltr'>Desmet,</span> <span class='ocrx_word' id='word_1_11' title='bbox 1665 407 1758 442; x_wconf 86' lang='lat' dir='ltr'>Cor-</span> 
     </span>
     <span class='ocr_line' id='line_1_3' title="bbox 504 462 1758 506; baseline 0.001 -10"><span class='ocrx_word' id='word_1_12' title='bbox 504 472 581 506; x_wconf 77' lang='lat' dir='ltr'>pus</span> <span class='ocrx_word' id='word_1_13' title='bbox 603 462 867 496; x_wconf 78' lang='lat' dir='ltr'>chronicorum</span> <span class='ocrx_word' id='word_1_14' title='bbox 892 462 1113 503; x_wconf 74' lang='lat' dir='ltr'>Flandriae,</span> <span class='ocrx_word' id='word_1_15' title='bbox 1139 463 1222 496; x_wconf 88' lang='lat' dir='ltr'>deel</span> <span class='ocrx_word' id='word_1_16' title='bbox 1248 463 1305 503; x_wconf 92' lang='lat'>111,</span> <span class='ocrx_word' id='word_1_17' title='bbox 1332 464 1400 496; x_wconf 88' lang='lat' dir='ltr'>blz.</span> <span class='ocrx_word' id='word_1_18' title='bbox 1427 463 1471 496; x_wconf 75' lang='lat'>23</span> <span class='ocrx_word' id='word_1_19' title='bbox 1494 473 1541 497; x_wconf 87' lang='lat' dir='ltr'>en</span> <span class='ocrx_word' id='word_1_20' title='bbox 1566 464 1621 496; x_wconf 78' lang='lat'>26.</span> <span class='ocrx_word' id='word_1_21' title='bbox 1641 482 1684 487; x_wconf 97' lang='lat'><strong>—</strong></span> <span class='ocrx_word' id='word_1_22' title='bbox 1703 464 1758 497; x_wconf 92' lang='lat' dir='ltr'>De</span> 
     </span>
     <span class='ocr_line' id='line_1_4' title="bbox 513 517 1757 560; baseline 0.002 -10"><span class='ocrx_word' id='word_1_23' title='bbox 513 518 611 559; x_wconf 89' lang='lat' dir='ltr'>abdij</span> <span class='ocrx_word' id='word_1_24' title='bbox 630 527 700 551; x_wconf 87' lang='lat' dir='ltr'>van</span> <span class='ocrx_word' id='word_1_25' title='bbox 727 518 918 551; x_wconf 69' lang='lat' dir='ltr'>Baudeloo</span> <span class='ocrx_word' id='word_1_26' title='bbox 946 527 1021 550; x_wconf 86' lang='lat' dir='ltr'>was</span> <span class='ocrx_word' id='word_1_27' title='bbox 1039 519 1076 551; x_wconf 86' lang='lat' dir='ltr'>in</span> <span class='ocrx_word' id='word_1_28' title='bbox 1095 518 1160 551; x_wconf 85' lang='lat' dir='ltr'>het</span> <span class='ocrx_word' id='word_1_29' title='bbox 1180 517 1268 551; x_wconf 91' lang='lat' dir='ltr'>land</span> <span class='ocrx_word' id='word_1_30' title='bbox 1284 528 1354 551; x_wconf 89' lang='lat' dir='ltr'>van</span> <span class='ocrx_word' id='word_1_31' title='bbox 1373 519 1487 552; x_wconf 81' lang='lat' dir='ltr'>Waas</span> <span class='ocrx_word' id='word_1_32' title='bbox 1503 518 1757 560; x_wconf 87' lang='lat' dir='ltr'>(Rijksvlaan-</span> 
     </span>
     <span class='ocr_line' id='line_1_5' title="bbox 508 572 1756 615; baseline 0.002 -11"><span class='ocrx_word' id='word_1_33' title='bbox 508 572 638 608; x_wconf 83' lang='lat' dir='ltr'>deren)</span> <span class='ocrx_word' id='word_1_34' title='bbox 655 572 828 615; x_wconf 82' lang='lat' dir='ltr'>gelegen.</span> <span class='ocrx_word' id='word_1_35' title='bbox 850 573 892 605; x_wconf 92' lang='lat' dir='ltr'>In</span> <span class='ocrx_word' id='word_1_36' title='bbox 907 573 952 605; x_wconf 84' lang='lat' dir='ltr'>de</span> <span class='ocrx_word' id='word_1_37' title='bbox 972 573 1044 604; x_wconf 65' lang='lat'>16⁶0</span> <span class='ocrx_word' id='word_1_38' title='bbox 1061 581 1168 606; x_wconf 87' lang='lat' dir='ltr'>eeuw</span> <span class='ocrx_word' id='word_1_39' title='bbox 1186 574 1248 605; x_wconf 86' lang='lat' dir='ltr'>ten</span> <span class='ocrx_word' id='word_1_40' title='bbox 1267 574 1412 615; x_wconf 83' lang='lat' dir='ltr'>grondc</span> <span class='ocrx_word' id='word_1_41' title='bbox 1430 576 1627 612; x_wconf 79' lang='lat' dir='ltr'>verwoest,</span> <span class='ocrx_word' id='word_1_42' title='bbox 1654 574 1756 607; x_wconf 91' lang='lat' dir='ltr'>werd</span> 
     </span>
     <span class='ocr_line' id='line_1_6' title="bbox 512 628 1756 671; baseline 0.002 -12"><span class='ocrx_word' id='word_1_43' title='bbox 512 628 554 669; x_wconf 90' lang='lat' dir='ltr'>zij</span> <span class='ocrx_word' id='word_1_44' title='bbox 583 628 721 661; x_wconf 87' lang='lat' dir='ltr'>binnen</span> <span class='ocrx_word' id='word_1_45' title='bbox 739 628 785 661; x_wconf 87' lang='lat' dir='ltr'>de</span> <span class='ocrx_word' id='word_1_46' title='bbox 810 628 893 661; x_wconf 88' lang='lat' dir='ltr'>stad</span> <span class='ocrx_word' id='word_1_47' title='bbox 912 629 1009 661; x_wconf 86' lang='lat' dir='ltr'>Gcnt</span> <span class='ocrx_word' id='word_1_48' title='bbox 1036 628 1324 670; x_wconf 83' lang='lat' dir='ltr'>overgebracht.</span> <span class='ocrx_word' id='word_1_49' title='bbox 1344 629 1445 662; x_wconf 88' lang='lat' dir='ltr'>Hare</span> <span class='ocrx_word' id='word_1_50' title='bbox 1462 630 1672 671; x_wconf 84' lang='lat' dir='ltr'>gebouwen</span> <span class='ocrx_word' id='word_1_51' title='bbox 1698 629 1756 662; x_wconf 86' lang='lat' dir='ltr'>al-</span> 
     </span>
     <span class='ocr_line' id='line_1_7' title="bbox 512 683 1757 723; baseline 0.002 -8"><span class='ocrx_word' id='word_1_52' title='bbox 512 683 604 715; x_wconf 85' lang='lat' dir='ltr'>daar</span> <span class='ocrx_word' id='word_1_53' title='bbox 620 683 755 716; x_wconf 80' lang='lat' dir='ltr'>dienen</span> <span class='ocrx_word' id='word_1_54' title='bbox 774 683 911 723; x_wconf 85' lang='lat' dir='ltr'>heden,</span> <span class='ocrx_word' id='word_1_55' title='bbox 928 684 1046 716; x_wconf 86' lang='lat' dir='ltr'>onder</span> <span class='ocrx_word' id='word_1_56' title='bbox 1062 683 1240 723; x_wconf 81' lang='lat' dir='ltr'>anderen,</span> <span class='ocrx_word' id='word_1_57' title='bbox 1259 693 1349 716; x_wconf 88' lang='lat' dir='ltr'>voor</span> <span class='ocrx_word' id='word_1_58' title='bbox 1362 684 1409 717; x_wconf 81' lang='lat' dir='ltr'>dc</span> <span class='ocrx_word' id='word_1_59' title='bbox 1430 684 1670 718; x_wconf 85' lang='lat' dir='ltr'>Bibliotheek</span> <span class='ocrx_word' id='word_1_60' title='bbox 1688 685 1757 717; x_wconf 88' lang='lat' dir='ltr'>der</span> 
     </span>
    </p>
   </div>
   <div class='ocr_carea' id='block_1_3' title="bbox 510 739 998 782">
    <p class='ocr_par' dir='ltr' id='par_1_3' title="bbox 510 739 998 782">
     <span class='ocr_line' id='line_1_8' title="bbox 510 739 998 782; baseline -0.002 -9"><span class='ocrx_word' id='word_1_61' title='bbox 510 739 697 773; x_wconf 84' lang='lat' dir='ltr'>Gentsche</span> <span class='ocrx_word' id='word_1_62' title='bbox 716 739 998 782; x_wconf 68' lang='lat' dir='ltr'>noogoschool.</span> 
     </span>
    </p>
   </div>
   <div class='ocr_carea' id='block_1_4' title="bbox 791 866 1062 928">
    <p class='ocr_par' dir='ltr' id='par_1_4' title="bbox 791 866 1062 928">
     <span class='ocr_line' id='line_1_9' title="bbox 791 866 1062 928; baseline -0.015 -12"><span class='ocrx_word' id='word_1_63' title='bbox 791 870 860 916; x_wconf 84' lang='grc'>’13</span> <span class='ocrx_word' id='word_1_64' title='bbox 894 866 1062 928; x_wconf 73' lang='lat'><strong>(197⁴).</strong></span> 
     </span>
    </p>
   </div>
   <div class='ocr_carea' id='block_1_5' title="bbox 105 980 1756 1595">
    <p class='ocr_par' dir='ltr' id='par_1_5' title="bbox 105 980 1756 1595">
     <span class='ocr_line' id='line_1_10' title="bbox 174 980 1756 1037; baseline 0.003 -15"><span class='ocrx_word' id='word_1_65' title='bbox 174 982 293 1030; x_wconf 83' lang='lat'>1349,</span> <span class='ocrx_word' id='word_1_66' title='bbox 318 980 570 1024; x_wconf 76' lang='lat' dir='ltr'>omstreeks</span> <span class='ocrx_word' id='word_1_67' title='bbox 603 980 866 1037; x_wconf 75' lang='lat' dir='ltr'><strong><em>September</em></strong></span> <span class='ocrx_word' id='word_1_68' title='bbox 887 985 955 1031; x_wconf 79' lang='lat'>29,</span> <span class='ocrx_word' id='word_1_69' title='bbox 988 983 1188 1026; x_wconf 83' lang='lat' dir='ltr'>Londen.</span> <span class='ocrx_word' id='word_1_70' title='bbox 1227 983 1466 1027; x_wconf 79' lang='lat' dir='ltr'>UIttreksel</span> <span class='ocrx_word' id='word_1_71' title='bbox 1494 982 1554 1026; x_wconf 89' lang='lat' dir='ltr'>uit</span> <span class='ocrx_word' id='word_1_72' title='bbox 1577 982 1629 1025; x_wconf 90' lang='lat' dir='ltr'>de</span> <span class='ocrx_word' id='word_1_73' title='bbox 1651 982 1756 1026; x_wconf 85' lang='lat' dir='ltr'>kro-</span> 
     </span>
     <span class='ocr_line' id='line_1_11' title="bbox 110 1049 1753 1110; baseline 0.002 -18"><span class='ocrx_word' id='word_1_74' title='bbox 110 1049 204 1107; x_wconf 87' lang='lat' dir='ltr'>nijk</span> <span class='ocrx_word' id='word_1_75' title='bbox 222 1063 307 1092; x_wconf 86' lang='lat' dir='ltr'>van</span> <span class='ocrx_word' id='word_1_76' title='bbox 326 1049 407 1092; x_wconf 91' lang='lat' dir='ltr'>den</span> <span class='ocrx_word' id='word_1_77' title='bbox 432 1049 677 1107; x_wconf 75' lang='lat' dir='ltr'>tijdgenoot</span> <span class='ocrx_word' id='word_1_78' title='bbox 700 1049 866 1094; x_wconf 87' lang='lat' dir='ltr'>Robert</span> <span class='ocrx_word' id='word_1_79' title='bbox 890 1065 974 1094; x_wconf 88' lang='lat' dir='ltr'>van</span> <span class='ocrx_word' id='word_1_80' title='bbox 998 1051 1230 1110; x_wconf 87' lang='lat' dir='ltr'>Avesbury</span> <span class='ocrx_word' id='word_1_81' title='bbox 1253 1066 1359 1095; x_wconf 89' lang='lat' dir='ltr'>over</span> <span class='ocrx_word' id='word_1_82' title='bbox 1380 1052 1433 1094; x_wconf 89' lang='lat' dir='ltr'>de</span> <span class='ocrx_word' id='word_1_83' title='bbox 1458 1051 1753 1096; x_wconf 86' lang='lat' dir='ltr'>bedevaarten</span> 
     </span>
     <span class='ocr_line' id='line_1_12' title="bbox 109 1118 1752 1178; baseline 0.002 -16"><span class='ocrx_word' id='word_1_84' title='bbox 109 1133 194 1163; x_wconf 87' lang='lat' dir='ltr'>van</span> <span class='ocrx_word' id='word_1_85' title='bbox 215 1118 477 1162; x_wconf 87' lang='lat' dir='ltr'>Zeeuwsche</span> <span class='ocrx_word' id='word_1_86' title='bbox 501 1132 552 1161; x_wconf 90' lang='lat' dir='ltr'>en</span> <span class='ocrx_word' id='word_1_87' title='bbox 573 1119 872 1163; x_wconf 87' lang='lat' dir='ltr'>Hollandsche</span> <span class='ocrx_word' id='word_1_88' title='bbox 894 1120 1152 1164; x_wconf 83' lang='lat' dir='ltr'>Geeselaars</span> <span class='ocrx_word' id='word_1_89' title='bbox 1174 1126 1216 1165; x_wconf 86' lang='lat' dir='ltr'>te</span> <span class='ocrx_word' id='word_1_90' title='bbox 1239 1121 1416 1164; x_wconf 89' lang='lat' dir='ltr'>Londen</span> <span class='ocrx_word' id='word_1_91' title='bbox 1439 1121 1483 1164; x_wconf 88' lang='lat' dir='ltr'>in</span> <span class='ocrx_word' id='word_1_92' title='bbox 1506 1121 1752 1178; x_wconf 86' lang='lat' dir='ltr'>Engeland.</span> 
     </span>
     <span class='ocr_line' id='line_1_13' title="bbox 111 1187 1753 1246; baseline 0.001 -14"><span class='ocrx_word' id='word_1_93' title='bbox 111 1213 165 1220; x_wconf 87' lang='lat'>-—</span> <span class='ocrx_word' id='word_1_94' title='bbox 189 1188 443 1232; x_wconf 85' lang='lat' dir='ltr'>Omstreeks</span> <span class='ocrx_word' id='word_1_95' title='bbox 466 1187 549 1230; x_wconf 86' lang='lat' dir='ltr'>den</span> <span class='ocrx_word' id='word_1_96' title='bbox 572 1188 931 1246; x_wconf 85' lang='lat' dir='ltr'>St—Michielsdag</span> <span class='ocrx_word' id='word_1_97' title='bbox 954 1190 1157 1233; x_wconf 89' lang='lat' dir='ltr'>kwamen</span> <span class='ocrx_word' id='word_1_98' title='bbox 1191 1190 1341 1234; x_wconf 86' lang='lat' dir='ltr'>aldaar</span> <span class='ocrx_word' id='word_1_99' title='bbox 1375 1191 1438 1234; x_wconf 83' lang='lat' dir='ltr'>uit</span> <span class='ocrx_word' id='word_1_100' title='bbox 1472 1190 1753 1234; x_wconf 87' lang='lat' dir='ltr'>Vlaanderen</span> 
     </span>
     <span class='ocr_line' id='line_1_14' title="bbox 108 1257 1754 1315; baseline 0.001 -14"><span class='ocrx_word' id='word_1_101' title='bbox 108 1271 228 1301; x_wconf 91' lang='lat' dir='ltr'>meer</span> <span class='ocrx_word' id='word_1_102' title='bbox 257 1257 342 1301; x_wconf 87' lang='lat' dir='ltr'>dan</span> <span class='ocrx_word' id='word_1_103' title='bbox 366 1257 560 1300; x_wconf 89' lang='lat' dir='ltr'>honderd</span> <span class='ocrx_word' id='word_1_104' title='bbox 595 1258 774 1315; x_wconf 85' lang='lat' dir='ltr'>twintig</span> <span class='ocrx_word' id='word_1_105' title='bbox 805 1259 1080 1311; x_wconf 84' lang='lat' dir='ltr'>Geeselaars,</span> <span class='ocrx_word' id='word_1_106' title='bbox 1117 1261 1299 1303; x_wconf 84' lang='lat' dir='ltr'>meestal</span> <span class='ocrx_word' id='word_1_107' title='bbox 1323 1261 1536 1304; x_wconf 83' lang='lat' dir='ltr'>Zeeuwen</span> <span class='ocrx_word' id='word_1_108' title='bbox 1571 1273 1622 1303; x_wconf 90' lang='lat' dir='ltr'>en</span> <span class='ocrx_word' id='word_1_109' title='bbox 1649 1260 1754 1304; x_wconf 92' lang='lat' dir='ltr'>Hol-</span> 
     </span>
     <span class='ocr_line' id='line_1_15' title="bbox 107 1326 1752 1387; baseline 0.001 -17"><span class='ocrx_word' id='word_1_110' title='bbox 107 1327 297 1379; x_wconf 84' lang='lat' dir='ltr'>landers,</span> <span class='ocrx_word' id='word_1_111' title='bbox 311 1340 421 1371; x_wconf 83' lang='lat' dir='ltr'>naar</span> <span class='ocrx_word' id='word_1_112' title='bbox 443 1326 496 1370; x_wconf 90' lang='lat' dir='ltr'>de</span> <span class='ocrx_word' id='word_1_113' title='bbox 518 1326 776 1371; x_wconf 87' lang='lat' dir='ltr'>St-Paulus-</span> <span class='ocrx_word' id='word_1_114' title='bbox 801 1341 853 1370; x_wconf 89' lang='lat' dir='ltr'>en</span> <span class='ocrx_word' id='word_1_115' title='bbox 875 1328 1036 1371; x_wconf 79' lang='lat' dir='ltr'>andere</span> <span class='ocrx_word' id='word_1_116' title='bbox 1055 1329 1240 1374; x_wconf 90' lang='lat' dir='ltr'>kerken.</span> <span class='ocrx_word' id='word_1_117' title='bbox 1261 1329 1321 1387; x_wconf 87' lang='lat' dir='ltr'>Zij</span> <span class='ocrx_word' id='word_1_118' title='bbox 1343 1329 1616 1373; x_wconf 85' lang='lat' dir='ltr'>verrichtten</span> <span class='ocrx_word' id='word_1_119' title='bbox 1642 1343 1691 1372; x_wconf 90' lang='lat' dir='ltr'>er</span> <span class='ocrx_word' id='word_1_120' title='bbox 1707 1329 1752 1373; x_wconf 92' lang='lat' dir='ltr'>in</span> 
     </span>
     <span class='ocr_line' id='line_1_16' title="bbox 107 1395 1753 1455; baseline 0.001 -15"><span class='ocrx_word' id='word_1_121' title='bbox 107 1398 136 1440; x_wconf 88' lang='lat' dir='ltr'>’t</span> <span class='ocrx_word' id='word_1_122' title='bbox 159 1395 380 1454; x_wconf 86' lang='lat' dir='ltr'>openbaar</span> <span class='ocrx_word' id='word_1_123' title='bbox 402 1396 551 1440; x_wconf 90' lang='lat' dir='ltr'>hunne</span> <span class='ocrx_word' id='word_1_124' title='bbox 575 1395 887 1441; x_wconf 88' lang='lat' dir='ltr'>boetewerken</span> <span class='ocrx_word' id='word_1_125' title='bbox 911 1411 964 1440; x_wconf 93' lang='lat' dir='ltr'>en</span> <span class='ocrx_word' id='word_1_126' title='bbox 983 1412 1151 1455; x_wconf 85' lang='lat' dir='ltr'>zongen</span> <span class='ocrx_word' id='word_1_127' title='bbox 1176 1411 1224 1441; x_wconf 86' lang='lat' dir='ltr'>er</span> <span class='ocrx_word' id='word_1_128' title='bbox 1255 1398 1298 1442; x_wconf 89' lang='lat' dir='ltr'>in</span> <span class='ocrx_word' id='word_1_129' title='bbox 1322 1399 1472 1442; x_wconf 90' lang='lat' dir='ltr'>hunne</span> <span class='ocrx_word' id='word_1_130' title='bbox 1504 1399 1593 1443; x_wconf 87' lang='lat' dir='ltr'>taal</span> <span class='ocrx_word' id='word_1_131' title='bbox 1618 1399 1753 1442; x_wconf 88' lang='lat' dir='ltr'>liede-</span> 
     </span>
     <span class='ocr_line' id='line_1_17' title="bbox 105 1465 1751 1525; baseline 0.001 -15"><span class='ocrx_word' id='word_1_132' title='bbox 105 1480 201 1520; x_wconf 86' lang='lat' dir='ltr'>ren,</span> <span class='ocrx_word' id='word_1_133' title='bbox 223 1466 291 1510; x_wconf 91' lang='lat' dir='ltr'>die</span> <span class='ocrx_word' id='word_1_134' title='bbox 309 1466 416 1509; x_wconf 90' lang='lat' dir='ltr'>door</span> <span class='ocrx_word' id='word_1_135' title='bbox 438 1465 530 1509; x_wconf 89' lang='lat' dir='ltr'>vier</span> <span class='ocrx_word' id='word_1_136' title='bbox 554 1466 732 1509; x_wconf 89' lang='lat' dir='ltr'>hunner</span> <span class='ocrx_word' id='word_1_137' title='bbox 752 1467 1042 1523; x_wconf 86' lang='lat' dir='ltr'>aangeheven</span> <span class='ocrx_word' id='word_1_138' title='bbox 1067 1482 1120 1511; x_wconf 89' lang='lat' dir='ltr'>en</span> <span class='ocrx_word' id='word_1_139' title='bbox 1140 1468 1246 1511; x_wconf 87' lang='lat' dir='ltr'>door</span> <span class='ocrx_word' id='word_1_140' title='bbox 1267 1468 1320 1512; x_wconf 91' lang='lat' dir='ltr'>de</span> <span class='ocrx_word' id='word_1_141' title='bbox 1343 1468 1549 1525; x_wconf 86' lang='lat' dir='ltr'>overigen</span> <span class='ocrx_word' id='word_1_142' title='bbox 1573 1468 1618 1511; x_wconf 92' lang='lat' dir='ltr'>in</span> <span class='ocrx_word' id='word_1_143' title='bbox 1642 1468 1751 1512; x_wconf 90' lang='lat' dir='ltr'>koor</span> 
     </span>
     <span class='ocr_line' id='line_1_18' title="bbox 105 1534 1749 1595; baseline 0.001 -16"><span class='ocrx_word' id='word_1_144' title='bbox 105 1534 389 1580; x_wconf 86' lang='lat' dir='ltr'>beantwoord</span> <span class='ocrx_word' id='word_1_145' title='bbox 412 1535 611 1579; x_wconf 83' lang='lat' dir='ltr'>werden.</span> <span class='ocrx_word' id='word_1_146' title='bbox 637 1535 728 1579; x_wconf 90' lang='lat' dir='ltr'>Ook</span> <span class='ocrx_word' id='word_1_147' title='bbox 753 1535 787 1579; x_wconf 86' lang='lat' dir='ltr'>’s</span> <span class='ocrx_word' id='word_1_148' title='bbox 810 1538 966 1581; x_wconf 81' lang='lat' dir='ltr'>naehts</span> <span class='ocrx_word' id='word_1_149' title='bbox 999 1538 1270 1581; x_wconf 87' lang='lat' dir='ltr'>verrichtten</span> <span class='ocrx_word' id='word_1_150' title='bbox 1294 1538 1346 1595; x_wconf 85' lang='lat' dir='ltr'>zij</span> <span class='ocrx_word' id='word_1_151' title='bbox 1374 1537 1522 1581; x_wconf 91' lang='lat' dir='ltr'>hunne</span> <span class='ocrx_word' id='word_1_152' title='bbox 1546 1538 1749 1594; x_wconf 85' lang='lat' dir='ltr'>peniten-</span> 
     </span>
    </p>
   </div>
   <div class='ocr_carea' id='block_1_6' title="bbox 103 1605 582 1660">
    <p class='ocr_par' dir='ltr' id='par_1_6' title="bbox 103 1605 582 1660">
     <span class='ocr_line' id='line_1_19' title="bbox 103 1605 582 1660; baseline -0.002 -12"><span class='ocrx_word' id='word_1_153' title='bbox 103 1605 178 1658; x_wconf 86' lang='lat' dir='ltr'>tie,</span> <span class='ocrx_word' id='word_1_154' title='bbox 209 1619 286 1649; x_wconf 93' lang='lat' dir='ltr'>zoo</span> <span class='ocrx_word' id='word_1_155' title='bbox 309 1619 407 1648; x_wconf 88' lang='lat' dir='ltr'>men</span> <span class='ocrx_word' id='word_1_156' title='bbox 430 1605 582 1660; x_wconf 86' lang='lat' dir='ltr'>zegde.</span> 
     </span>
    </p>
   </div>
   <div class='ocr_carea' id='block_1_7' title="bbox 513 1709 1328 1755">
    <p class='ocr_par' dir='ltr' id='par_1_7' title="bbox 513 1709 1328 1755">
     <span class='ocr_line' id='line_1_20' title="bbox 513 1709 1328 1755; baseline 0.002 -12"><span class='ocrx_word' id='word_1_157' title='bbox 513 1709 558 1743; x_wconf 91' lang='lat' dir='ltr'>A.</span> <span class='ocrx_word' id='word_1_158' title='bbox 578 1709 624 1743; x_wconf 91' lang='lat' dir='ltr'>D.</span> <span class='ocrx_word' id='word_1_159' title='bbox 643 1711 741 1744; x_wconf 76' lang='lat'><em>1349.</em></span> <span class='ocrx_word' id='word_1_160' title='bbox 761 1729 803 1734; x_wconf 90' lang='lat'>—</span> <span class='ocrx_word' id='word_1_161' title='bbox 820 1711 873 1744; x_wconf 81' lang='lat' dir='ltr'>De</span> <span class='ocrx_word' id='word_1_162' title='bbox 887 1710 1030 1754; x_wconf 76' lang='lat' dir='ltr'>publice</span> <span class='ocrx_word' id='word_1_163' title='bbox 1041 1712 1328 1755; x_wconf 70' lang='lat' dir='ltr'>poenitentibus.</span> 
     </span>
    </p>
   </div>
   <div class='ocr_carea' id='block_1_8' title="bbox 87 1777 1748 2872">
    <p class='ocr_par' dir='ltr' id='par_1_8' title="bbox 87 1777 1748 2872">
     <span class='ocr_line' id='line_1_21' title="bbox 145 1777 1747 1819; baseline 0.001 -8"><span class='ocrx_word' id='word_1_164' title='bbox 145 1777 250 1811; x_wconf 85' lang='lat' dir='ltr'>Dicto</span> <span class='ocrx_word' id='word_1_165' title='bbox 268 1787 357 1811; x_wconf 90' lang='lat' dir='ltr'>vero</span> <span class='ocrx_word' id='word_1_166' title='bbox 376 1787 473 1811; x_wconf 89' lang='lat' dir='ltr'>anno</span> <span class='ocrx_word' id='word_1_167' title='bbox 499 1778 651 1811; x_wconf 85' lang='lat' dir='ltr'>Domini</span> <span class='ocrx_word' id='word_1_168' title='bbox 683 1777 888 1811; x_wconf 90' lang='lat' dir='ltr'>millesimo</span> <span class='ocrx_word' id='word_1_169' title='bbox 917 1778 1047 1812; x_wconf 83' lang='lat' dir='ltr'>CCCmo</span> <span class='ocrx_word' id='word_1_170' title='bbox 1074 1779 1249 1819; x_wconf 75' lang='lat' dir='ltr'>XLIXno,</span> <span class='ocrx_word' id='word_1_171' title='bbox 1280 1779 1432 1812; x_wconf 77' lang='lat' dir='ltr'>circiter</span> <span class='ocrx_word' id='word_1_172' title='bbox 1460 1780 1599 1812; x_wconf 80' lang='lat' dir='ltr'>festum</span> <span class='ocrx_word' id='word_1_173' title='bbox 1628 1780 1747 1812; x_wconf 85' lang='lat' dir='ltr'>sancti</span> 
     </span>
     <span class='ocr_line' id='line_1_22' title="bbox 103 1832 1748 1877; baseline 0 -10"><span class='ocrx_word' id='word_1_174' title='bbox 103 1833 313 1873; x_wconf 81' lang='lat' dir='ltr'>Michaelis,</span> <span class='ocrx_word' id='word_1_175' title='bbox 331 1833 416 1875; x_wconf 91' lang='lat' dir='ltr'>plus</span> <span class='ocrx_word' id='word_1_176' title='bbox 441 1842 553 1875; x_wconf 89' lang='lat' dir='ltr'>quam</span> <span class='ocrx_word' id='word_1_177' title='bbox 566 1834 646 1875; x_wconf 68' lang='lat' dir='ltr'>vjxx</span> <span class='ocrx_word' id='word_1_178' title='bbox 671 1832 857 1874; x_wconf 74' lang='lat' dir='ltr'>homines,</span> <span class='ocrx_word' id='word_1_179' title='bbox 876 1843 945 1877; x_wconf 90' lang='lat' dir='ltr'>pro</span> <span class='ocrx_word' id='word_1_180' title='bbox 975 1835 1120 1876; x_wconf 89' lang='lat' dir='ltr'>maj0re</span> <span class='ocrx_word' id='word_1_181' title='bbox 1145 1836 1252 1876; x_wconf 87' lang='lat' dir='ltr'>parte</span> <span class='ocrx_word' id='word_1_182' title='bbox 1274 1835 1320 1868; x_wconf 92' lang='lat' dir='ltr'>de</span> <span class='ocrx_word' id='word_1_183' title='bbox 1345 1834 1483 1868; x_wconf 88' lang='lat' dir='ltr'>Selond</span> <span class='ocrx_word' id='word_1_184' title='bbox 1515 1836 1553 1867; x_wconf 87' lang='lat' dir='ltr'>et</span> <span class='ocrx_word' id='word_1_185' title='bbox 1573 1834 1748 1868; x_wconf 88' lang='lat' dir='ltr'>Houland</span> 
     </span>
     <span class='ocr_line' id='line_1_23' title="bbox 100 1888 1746 1931; baseline 0 -9"><span class='ocrx_word' id='word_1_186' title='bbox 100 1888 264 1928; x_wconf 89' lang='lat' dir='ltr'>oriundi,</span> <span class='ocrx_word' id='word_1_187' title='bbox 293 1897 362 1931; x_wconf 89' lang='lat' dir='ltr'>per</span> <span class='ocrx_word' id='word_1_188' title='bbox 386 1888 605 1922; x_wconf 86' lang='lat' dir='ltr'>Flandriam</span> <span class='ocrx_word' id='word_1_189' title='bbox 638 1889 835 1921; x_wconf 87' lang='lat' dir='ltr'>venientes</span> <span class='ocrx_word' id='word_1_190' title='bbox 863 1889 1094 1931; x_wconf 88' lang='lat' dir='ltr'>Londonias,</span> <span class='ocrx_word' id='word_1_191' title='bbox 1129 1889 1330 1931; x_wconf 85' lang='lat' dir='ltr'>aliquando</span> <span class='ocrx_word' id='word_1_192' title='bbox 1362 1890 1400 1922; x_wconf 91' lang='lat' dir='ltr'>in</span> <span class='ocrx_word' id='word_1_193' title='bbox 1433 1889 1595 1923; x_wconf 81' lang='lat' dir='ltr'>ecclesia</span> <span class='ocrx_word' id='word_1_194' title='bbox 1626 1891 1746 1922; x_wconf 88' lang='lat' dir='ltr'>sancti</span> 
     </span>
     <span class='ocr_line' id='line_1_24' title="bbox 99 1943 1744 1987; baseline 0 -10"><span class='ocrx_word' id='word_1_195' title='bbox 99 1943 210 1978; x_wconf 91' lang='lat' dir='ltr'>Pauli</span> <span class='ocrx_word' id='word_1_196' title='bbox 224 1945 261 1977; x_wconf 89' lang='lat' dir='ltr'>et</span> <span class='ocrx_word' id='word_1_197' title='bbox 274 1943 476 1985; x_wconf 86' lang='lat' dir='ltr'>aliquando</span> <span class='ocrx_word' id='word_1_198' title='bbox 490 1943 582 1976; x_wconf 87' lang='lat' dir='ltr'>locis</span> <span class='ocrx_word' id='word_1_199' title='bbox 599 1943 683 1976; x_wconf 86' lang='lat' dir='ltr'>aliis</span> <span class='ocrx_word' id='word_1_200' title='bbox 715 1944 885 1985; x_wconf 87' lang='lat' dir='ltr'>ejusdem</span> <span class='ocrx_word' id='word_1_201' title='bbox 903 1944 1080 1984; x_wconf 82' lang='lat' dir='ltr'>civitatis,</span> <span class='ocrx_word' id='word_1_202' title='bbox 1098 1945 1153 1976; x_wconf 88' lang='lat' dir='ltr'>bis</span> <span class='ocrx_word' id='word_1_203' title='bbox 1171 1945 1208 1976; x_wconf 90' lang='lat' dir='ltr'>in</span> <span class='ocrx_word' id='word_1_204' title='bbox 1223 1945 1296 1984; x_wconf 84' lang='lat' dir='ltr'>die,</span> <span class='ocrx_word' id='word_1_205' title='bbox 1316 1945 1354 1977; x_wconf 90' lang='lat' dir='ltr'>in</span> <span class='ocrx_word' id='word_1_206' title='bbox 1372 1946 1575 1987; x_wconf 83' lang='lat' dir='ltr'>conspectu</span> <span class='ocrx_word' id='word_1_207' title='bbox 1600 1944 1744 1987; x_wconf 88' lang='lat' dir='ltr'>populi,</span> 
     </span>
     <span class='ocr_line' id='line_1_25' title="bbox 98 1997 1746 2042; baseline 0 -9"><span class='ocrx_word' id='word_1_208' title='bbox 98 2009 119 2033; x_wconf 82' lang='lat' dir='ltr'>a</span> <span class='ocrx_word' id='word_1_209' title='bbox 143 2000 351 2033; x_wconf 80' lang='lat' dir='ltr'>femoribus</span> <span class='ocrx_word' id='word_1_210' title='bbox 375 2007 493 2040; x_wconf 88' lang='lat' dir='ltr'>usque</span> <span class='ocrx_word' id='word_1_211' title='bbox 511 1998 556 2031; x_wconf 86' lang='lat' dir='ltr'>ad</span> <span class='ocrx_word' id='word_1_212' title='bbox 574 1997 670 2031; x_wconf 81' lang='lat' dir='ltr'>talos</span> <span class='ocrx_word' id='word_1_213' title='bbox 688 2007 813 2040; x_wconf 87' lang='lat' dir='ltr'>panno</span> <span class='ocrx_word' id='word_1_214' title='bbox 829 1998 931 2032; x_wconf 87' lang='lat' dir='ltr'>lineo</span> <span class='ocrx_word' id='word_1_215' title='bbox 950 1999 1134 2041; x_wconf 84' lang='lat' dir='ltr'>cooperti,</span> <span class='ocrx_word' id='word_1_216' title='bbox 1153 2000 1231 2032; x_wconf 87' lang='lat' dir='ltr'>toto</span> <span class='ocrx_word' id='word_1_217' title='bbox 1257 2000 1407 2033; x_wconf 88' lang='lat' dir='ltr'>residuo</span> <span class='ocrx_word' id='word_1_218' title='bbox 1436 1999 1606 2042; x_wconf 88' lang='lat' dir='ltr'>corporis</span> <span class='ocrx_word' id='word_1_219' title='bbox 1632 2000 1746 2033; x_wconf 90' lang='lat' dir='ltr'>denu-</span> 
     </span>
     <span class='ocr_line' id='line_1_26' title="bbox 97 2053 1747 2097; baseline 0 -8"><span class='ocrx_word' id='word_1_220' title='bbox 97 2057 197 2095; x_wconf 86' lang='lat' dir='ltr'>dato,</span> <span class='ocrx_word' id='word_1_221' title='bbox 223 2064 338 2097; x_wconf 88' lang='lat' dir='ltr'>supra</span> <span class='ocrx_word' id='word_1_222' title='bbox 361 2055 548 2096; x_wconf 82' lang='lat' dir='ltr'>caputque</span> <span class='ocrx_word' id='word_1_223' title='bbox 575 2053 717 2096; x_wconf 85' lang='lat' dir='ltr'>singuli</span> <span class='ocrx_word' id='word_1_224' title='bbox 735 2054 918 2087; x_wconf 87' lang='lat' dir='ltr'>habentes</span> <span class='ocrx_word' id='word_1_225' title='bbox 943 2054 1115 2097; x_wconf 81' lang='lat' dir='ltr'>singulos</span> <span class='ocrx_word' id='word_1_226' title='bbox 1133 2055 1297 2096; x_wconf 81' lang='lat' dir='ltr'>capellos</span> <span class='ocrx_word' id='word_1_227' title='bbox 1322 2065 1433 2088; x_wconf 87' lang='lat' dir='ltr'>cruce</span> <span class='ocrx_word' id='word_1_228' title='bbox 1452 2056 1571 2088; x_wconf 90' lang='lat' dir='ltr'>rubea</span> <span class='ocrx_word' id='word_1_229' title='bbox 1596 2057 1683 2089; x_wconf 87' lang='lat' dir='ltr'>ante</span> <span class='ocrx_word' id='word_1_230' title='bbox 1708 2058 1747 2089; x_wconf 83' lang='lat' dir='ltr'>et</span> 
     </span>
     <span class='ocr_line' id='line_1_27' title="bbox 96 2109 1744 2153; baseline 0 -9"><span class='ocrx_word' id='word_1_231' title='bbox 96 2112 198 2145; x_wconf 84' lang='lat' dir='ltr'>retro</span> <span class='ocrx_word' id='word_1_232' title='bbox 231 2110 413 2153; x_wconf 86' lang='lat' dir='ltr'>signatos,</span> <span class='ocrx_word' id='word_1_233' title='bbox 440 2109 657 2151; x_wconf 83' lang='lat' dir='ltr'>singulique</span> <span class='ocrx_word' id='word_1_234' title='bbox 687 2109 871 2142; x_wconf 83' lang='lat' dir='ltr'>habentes</span> <span class='ocrx_word' id='word_1_235' title='bbox 906 2110 943 2142; x_wconf 92' lang='lat' dir='ltr'>in</span> <span class='ocrx_word' id='word_1_236' title='bbox 969 2119 1081 2142; x_wconf 89' lang='lat' dir='ltr'>manu</span> <span class='ocrx_word' id='word_1_237' title='bbox 1107 2110 1264 2143; x_wconf 74' lang='lat' dir='ltr'>dextera</span> <span class='ocrx_word' id='word_1_238' title='bbox 1288 2110 1482 2153; x_wconf 83' lang='lat' dir='ltr'>flagellum</span> <span class='ocrx_word' id='word_1_239' title='bbox 1513 2120 1599 2143; x_wconf 83' lang='lat' dir='ltr'>cum</span> <span class='ocrx_word' id='word_1_240' title='bbox 1622 2111 1744 2144; x_wconf 88' lang='lat' dir='ltr'>tribus</span> 
     </span>
     <span class='ocr_line' id='line_1_28' title="bbox 96 2165 1742 2208; baseline 0.001 -9"><span class='ocrx_word' id='word_1_241' title='bbox 96 2165 275 2205; x_wconf 88' lang='lat' dir='ltr'>cordulis,</span> <span class='ocrx_word' id='word_1_242' title='bbox 302 2165 466 2208; x_wconf 88' lang='lat' dir='ltr'>singulis</span> <span class='ocrx_word' id='word_1_243' title='bbox 492 2165 726 2197; x_wconf 88' lang='lat' dir='ltr'>habentibus</span> <span class='ocrx_word' id='word_1_244' title='bbox 749 2174 866 2197; x_wconf 91' lang='lat' dir='ltr'>unum</span> <span class='ocrx_word' id='word_1_245' title='bbox 891 2165 1030 2197; x_wconf 88' lang='lat' dir='ltr'>nodum</span> <span class='ocrx_word' id='word_1_246' title='bbox 1055 2166 1135 2207; x_wconf 88' lang='lat' dir='ltr'>(per</span> <span class='ocrx_word' id='word_1_247' title='bbox 1158 2166 1399 2207; x_wconf 83' lang='lat' dir='ltr'>mediumque</span> <span class='ocrx_word' id='word_1_248' title='bbox 1424 2166 1627 2208; x_wconf 78' lang='lat' dir='ltr'>cujuslibet</span> <span class='ocrx_word' id='word_1_249' title='bbox 1655 2168 1742 2201; x_wconf 88' lang='lat' dir='ltr'>nodi</span> 
     </span>
     <span class='ocr_line' id='line_1_29' title="bbox 96 2221 1743 2265; baseline 0.001 -10"><span class='ocrx_word' id='word_1_250' title='bbox 96 2222 185 2256; x_wconf 86' lang='lat' dir='ltr'>illac</span> <span class='ocrx_word' id='word_1_251' title='bbox 201 2224 238 2255; x_wconf 85' lang='lat' dir='ltr'>et</span> <span class='ocrx_word' id='word_1_252' title='bbox 250 2222 344 2254; x_wconf 81' lang='lat' dir='ltr'>istac</span> <span class='ocrx_word' id='word_1_253' title='bbox 361 2222 468 2263; x_wconf 80' lang='lat' dir='ltr'>quasi</span> <span class='ocrx_word' id='word_1_254' title='bbox 487 2231 575 2254; x_wconf 78' lang='lat' dir='ltr'>acus</span> <span class='ocrx_word' id='word_1_255' title='bbox 594 2221 695 2253; x_wconf 72' lang='lat' dir='ltr'>acuti</span> <span class='ocrx_word' id='word_1_256' title='bbox 715 2221 823 2254; x_wconf 84' lang='lat' dir='ltr'>infixi</span> <span class='ocrx_word' id='word_1_257' title='bbox 841 2221 1020 2262; x_wconf 76' lang='lat' dir='ltr'>suerunt),</span> <span class='ocrx_word' id='word_1_258' title='bbox 1035 2230 1105 2263; x_wconf 90' lang='lat' dir='ltr'>per</span> <span class='ocrx_word' id='word_1_259' title='bbox 1120 2222 1286 2255; x_wconf 86' lang='lat' dir='ltr'>medium</span> <span class='ocrx_word' id='word_1_260' title='bbox 1303 2223 1555 2264; x_wconf 79' lang='lat' dir='ltr'>processionis</span> <span class='ocrx_word' id='word_1_261' title='bbox 1573 2223 1743 2265; x_wconf 89' lang='lat' dir='ltr'>quolibet</span> 
     </span>
     <span class='ocr_line' id='line_1_30' title="bbox 95 2276 1740 2321; baseline 0 -10"><span class='ocrx_word' id='word_1_262' title='bbox 95 2278 180 2320; x_wconf 91' lang='lat' dir='ltr'>post</span> <span class='ocrx_word' id='word_1_263' title='bbox 193 2277 310 2311; x_wconf 84' lang='lat' dir='ltr'>alium</span> <span class='ocrx_word' id='word_1_264' title='bbox 323 2278 422 2310; x_wconf 90' lang='lat' dir='ltr'>nudo</span> <span class='ocrx_word' id='word_1_265' title='bbox 436 2277 531 2319; x_wconf 88' lang='lat' dir='ltr'>pede</span> <span class='ocrx_word' id='word_1_266' title='bbox 547 2276 758 2316; x_wconf 79' lang='lat' dir='ltr'>incedente,</span> <span class='ocrx_word' id='word_1_267' title='bbox 777 2276 922 2318; x_wconf 84' lang='lat' dir='ltr'>seipsos</span> <span class='ocrx_word' id='word_1_268' title='bbox 946 2286 1031 2309; x_wconf 90' lang='lat' dir='ltr'>cum</span> <span class='ocrx_word' id='word_1_269' title='bbox 1055 2277 1165 2309; x_wconf 88' lang='lat' dir='ltr'>dictis</span> <span class='ocrx_word' id='word_1_270' title='bbox 1184 2277 1346 2320; x_wconf 83' lang='lat' dir='ltr'>flagellis</span> <span class='ocrx_word' id='word_1_271' title='bbox 1365 2278 1402 2310; x_wconf 90' lang='lat' dir='ltr'>in</span> <span class='ocrx_word' id='word_1_272' title='bbox 1422 2278 1520 2310; x_wconf 90' lang='lat' dir='ltr'>nudo</span> <span class='ocrx_word' id='word_1_273' title='bbox 1538 2279 1740 2321; x_wconf 86' lang='lat' dir='ltr'>sanguino-</span> 
     </span>
     <span class='ocr_line' id='line_1_31' title="bbox 94 2332 1742 2375; baseline 0.001 -10"><span class='ocrx_word' id='word_1_274' title='bbox 94 2333 197 2367; x_wconf 91' lang='lat' dir='ltr'>lento</span> <span class='ocrx_word' id='word_1_275' title='bbox 210 2342 370 2375; x_wconf 83' lang='lat' dir='ltr'>corpore</span> <span class='ocrx_word' id='word_1_276' title='bbox 389 2332 644 2375; x_wconf 82' lang='lat' dir='ltr'>flagellarunt,</span> <span class='ocrx_word' id='word_1_277' title='bbox 658 2332 825 2373; x_wconf 89' lang='lat' dir='ltr'>ipsorum</span> <span class='ocrx_word' id='word_1_278' title='bbox 843 2332 933 2373; x_wconf 69' lang='lat' dir='ltr'>iiij0r</span> <span class='ocrx_word' id='word_1_279' title='bbox 951 2333 1188 2366; x_wconf 79' lang='lat' dir='ltr'>cantantibus</span> <span class='ocrx_word' id='word_1_280' title='bbox 1206 2333 1244 2365; x_wconf 91' lang='lat' dir='ltr'>in</span> <span class='ocrx_word' id='word_1_281' title='bbox 1262 2333 1441 2366; x_wconf 80' lang='lat' dir='ltr'>idiomate</span> <span class='ocrx_word' id='word_1_282' title='bbox 1459 2334 1626 2375; x_wconf 90' lang='lat' dir='ltr'>proprio,</span> <span class='ocrx_word' id='word_1_283' title='bbox 1645 2335 1742 2367; x_wconf 82' lang='lat' dir='ltr'>cete-</span> 
     </span>
     <span class='ocr_line' id='line_1_32' title="bbox 93 2387 1739 2429; baseline -0.001 -7"><span class='ocrx_word' id='word_1_284' title='bbox 93 2390 145 2422; x_wconf 88' lang='lat' dir='ltr'>ris</span> <span class='ocrx_word' id='word_1_285' title='bbox 163 2389 337 2422; x_wconf 88' lang='lat' dir='ltr'>omnibus</span> <span class='ocrx_word' id='word_1_286' title='bbox 348 2389 458 2421; x_wconf 88' lang='lat' dir='ltr'>dictis</span> <span class='ocrx_word' id='word_1_287' title='bbox 476 2388 566 2429; x_wconf 79' lang='lat' dir='ltr'>iiij01·</span> <span class='ocrx_word' id='word_1_288' title='bbox 583 2387 900 2429; x_wconf 74' lang='lat' dir='ltr'>respondentibus</span> <span class='ocrx_word' id='word_1_289' title='bbox 913 2388 959 2420; x_wconf 85' lang='lat' dir='ltr'>ad</span> <span class='ocrx_word' id='word_1_290' title='bbox 976 2388 1128 2420; x_wconf 82' lang='lat' dir='ltr'>modum</span> <span class='ocrx_word' id='word_1_291' title='bbox 1142 2388 1306 2421; x_wconf 86' lang='lat' dir='ltr'>letaniae</span> <span class='ocrx_word' id='word_1_292' title='bbox 1323 2398 1344 2421; x_wconf 86' lang='lat' dir='ltr'>a</span> <span class='ocrx_word' id='word_1_293' title='bbox 1357 2388 1592 2421; x_wconf 84' lang='lat' dir='ltr'>Christicolis</span> <span class='ocrx_word' id='word_1_294' title='bbox 1607 2389 1739 2421; x_wconf 84' lang='lat' dir='ltr'>decan-</span> 
     </span>
     <span class='ocr_line' id='line_1_33' title="bbox 91 2442 1739 2486; baseline -0.001 -8"><span class='ocrx_word' id='word_1_295' title='bbox 91 2445 247 2486; x_wconf 81' lang='lat' dir='ltr'>tandae3</span> <span class='ocrx_word' id='word_1_296' title='bbox 263 2445 299 2478; x_wconf 89' lang='lat' dir='ltr'>et</span> <span class='ocrx_word' id='word_1_297' title='bbox 313 2453 442 2477; x_wconf 90' lang='lat' dir='ltr'>omnes</span> <span class='ocrx_word' id='word_1_298' title='bbox 459 2442 570 2476; x_wconf 88' lang='lat' dir='ltr'>simul</span> <span class='ocrx_word' id='word_1_299' title='bbox 589 2443 692 2475; x_wconf 86' lang='lat' dir='ltr'>trina</span> <span class='ocrx_word' id='word_1_300' title='bbox 705 2443 785 2475; x_wconf 86' lang='lat' dir='ltr'>vice</span> <span class='ocrx_word' id='word_1_301' title='bbox 811 2443 849 2474; x_wconf 88' lang='lat' dir='ltr'>in</span> <span class='ocrx_word' id='word_1_302' title='bbox 868 2442 1083 2484; x_wconf 86' lang='lat' dir='ltr'>hujusmodi</span> <span class='ocrx_word' id='word_1_303' title='bbox 1101 2444 1342 2485; x_wconf 85' lang='lat' dir='ltr'>processione</span> <span class='ocrx_word' id='word_1_304' title='bbox 1367 2453 1406 2477; x_wconf 87' lang='lat' dir='ltr'>sc</span> <span class='ocrx_word' id='word_1_305' title='bbox 1424 2445 1470 2477; x_wconf 86' lang='lat' dir='ltr'>ad</span> <span class='ocrx_word' id='word_1_306' title='bbox 1495 2445 1650 2484; x_wconf 84' lang='lat' dir='ltr'>terram,</span> <span class='ocrx_word' id='word_1_307' title='bbox 1671 2453 1739 2486; x_wconf 88' lang='lat' dir='ltr'>per</span> 
     </span>
     <span class='ocr_line' id='line_1_34' title="bbox 92 2498 1737 2542; baseline 0 -10"><span class='ocrx_word' id='word_1_308' title='bbox 92 2499 245 2532; x_wconf 90' lang='lat' dir='ltr'>modum</span> <span class='ocrx_word' id='word_1_309' title='bbox 261 2500 385 2533; x_wconf 86' lang='lat' dir='ltr'>crucis</span> <span class='ocrx_word' id='word_1_310' title='bbox 402 2499 567 2532; x_wconf 77' lang='lat' dir='ltr'>extensis</span> <span class='ocrx_word' id='word_1_311' title='bbox 584 2498 770 2538; x_wconf 88' lang='lat' dir='ltr'>manibus,</span> <span class='ocrx_word' id='word_1_312' title='bbox 788 2499 1094 2540; x_wconf 85' lang='lat' dir='ltr'>prosternebant.</span> <span class='ocrx_word' id='word_1_313' title='bbox 1122 2498 1319 2539; x_wconf 80' lang='lat' dir='ltr'>Continuo,</span> <span class='ocrx_word' id='word_1_314' title='bbox 1339 2501 1379 2532; x_wconf 88' lang='lat' dir='ltr'>ut</span> <span class='ocrx_word' id='word_1_315' title='bbox 1396 2501 1626 2542; x_wconf 82' lang='lat' dir='ltr'>praefertur,</span> <span class='ocrx_word' id='word_1_316' title='bbox 1652 2508 1737 2533; x_wconf 88' lang='lat' dir='ltr'>can-</span> 
     </span>
     <span class='ocr_line' id='line_1_35' title="bbox 90 2553 1738 2597; baseline 0.001 -11"><span class='ocrx_word' id='word_1_317' title='bbox 90 2554 226 2594; x_wconf 82' lang='lat' dir='ltr'>tantes,</span> <span class='ocrx_word' id='word_1_318' title='bbox 241 2555 278 2587; x_wconf 83' lang='lat' dir='ltr'>et</span> <span class='ocrx_word' id='word_1_319' title='bbox 287 2554 421 2587; x_wconf 89' lang='lat' dir='ltr'>ultimo</span> <span class='ocrx_word' id='word_1_320' title='bbox 436 2554 603 2596; x_wconf 88' lang='lat' dir='ltr'>ipsorum</span> <span class='ocrx_word' id='word_1_321' title='bbox 617 2553 889 2594; x_wconf 85' lang='lat' dir='ltr'>sicjacentium</span> <span class='ocrx_word' id='word_1_322' title='bbox 907 2553 1131 2593; x_wconf 82' lang='lat' dir='ltr'>inchoando,</span> <span class='ocrx_word' id='word_1_323' title='bbox 1148 2554 1307 2596; x_wconf 88' lang='lat' dir='ltr'>quilibet</span> <span class='ocrx_word' id='word_1_324' title='bbox 1332 2555 1433 2588; x_wconf 88' lang='lat' dir='ltr'>ultra</span> <span class='ocrx_word' id='word_1_325' title='bbox 1453 2555 1569 2588; x_wconf 84' lang='lat' dir='ltr'>alium</span> <span class='ocrx_word' id='word_1_326' title='bbox 1586 2564 1738 2597; x_wconf 85' lang='lat' dir='ltr'>passum</span> 
     </span>
     <span class='ocr_line' id='line_1_36' title="bbox 90 2605 1737 2651; baseline 0.001 -12"><span class='ocrx_word' id='word_1_327' title='bbox 90 2607 232 2640; x_wconf 82' lang='lat' dir='ltr'>faciens</span> <span class='ocrx_word' id='word_1_328' title='bbox 257 2616 342 2640; x_wconf 91' lang='lat' dir='ltr'>cum</span> <span class='ocrx_word' id='word_1_329' title='bbox 367 2616 434 2639; x_wconf 91' lang='lat' dir='ltr'>suo</span> <span class='ocrx_word' id='word_1_330' title='bbox 458 2605 609 2649; x_wconf 78' lang='lat' dir='ltr'>flagello</span> <span class='ocrx_word' id='word_1_331' title='bbox 628 2607 696 2639; x_wconf 87' lang='lat' dir='ltr'>sub</span> <span class='ocrx_word' id='word_1_332' title='bbox 714 2616 752 2640; x_wconf 86' lang='lat' dir='ltr'>sc</span> <span class='ocrx_word' id='word_1_333' title='bbox 769 2608 958 2649; x_wconf 74' lang='lat' dir='ltr'>jacentem</span> <span class='ocrx_word' id='word_1_334' title='bbox 984 2607 1099 2641; x_wconf 85' lang='lat' dir='ltr'>semel</span> <span class='ocrx_word' id='word_1_335' title='bbox 1128 2610 1337 2650; x_wconf 78' lang='lat' dir='ltr'>percussit3</span> <span class='ocrx_word' id='word_1_336' title='bbox 1364 2610 1492 2651; x_wconf 84' lang='lat' dir='ltr'>sicque</span> <span class='ocrx_word' id='word_1_337' title='bbox 1518 2610 1564 2643; x_wconf 88' lang='lat' dir='ltr'>de</span> <span class='ocrx_word' id='word_1_338' title='bbox 1589 2619 1663 2642; x_wconf 92' lang='lat' dir='ltr'>uno</span> <span class='ocrx_word' id='word_1_339' title='bbox 1690 2610 1737 2643; x_wconf 90' lang='lat' dir='ltr'>ad</span> 
     </span>
     <span class='ocr_line' id='line_1_37' title="bbox 90 2661 1738 2707; baseline 0.002 -12"><span class='ocrx_word' id='word_1_340' title='bbox 90 2662 291 2704; x_wconf 88' lang='lat' dir='ltr'>reliquum,</span> <span class='ocrx_word' id='word_1_341' title='bbox 310 2672 430 2704; x_wconf 88' lang='lat' dir='ltr'>usque</span> <span class='ocrx_word' id='word_1_342' title='bbox 448 2663 493 2695; x_wconf 87' lang='lat' dir='ltr'>ad</span> <span class='ocrx_word' id='word_1_343' title='bbox 509 2661 739 2704; x_wconf 88' lang='lat' dir='ltr'>completum</span> <span class='ocrx_word' id='word_1_344' title='bbox 751 2672 950 2696; x_wconf 88' lang='lat' dir='ltr'>numerum</span> <span class='ocrx_word' id='word_1_345' title='bbox 964 2663 1017 2696; x_wconf 90' lang='lat' dir='ltr'>sic</span> <span class='ocrx_word' id='word_1_346' title='bbox 1028 2664 1247 2705; x_wconf 78' lang='lat' dir='ltr'>Jacentium‚</span> <span class='ocrx_word' id='word_1_347' title='bbox 1267 2664 1431 2697; x_wconf 87' lang='lat' dir='ltr'>similem</span> <span class='ocrx_word' id='word_1_348' title='bbox 1444 2665 1560 2698; x_wconf 88' lang='lat' dir='ltr'>ritum</span> <span class='ocrx_word' id='word_1_349' title='bbox 1575 2664 1738 2707; x_wconf 81' lang='lat' dir='ltr'>quilibet</span> 
     </span>
     <span class='ocr_line' id='line_1_38' title="bbox 90 2716 1736 2763; baseline 0.002 -13"><span class='ocrx_word' id='word_1_350' title='bbox 90 2718 313 2751; x_wconf 85' lang='lat' dir='ltr'>observavit.</span> <span class='ocrx_word' id='word_1_351' title='bbox 341 2718 485 2751; x_wconf 86' lang='lat' dir='ltr'>Deinde</span> <span class='ocrx_word' id='word_1_352' title='bbox 509 2716 651 2760; x_wconf 83' lang='lat' dir='ltr'>singuli</span> <span class='ocrx_word' id='word_1_353' title='bbox 669 2727 709 2750; x_wconf 86' lang='lat' dir='ltr'>se</span> <span class='ocrx_word' id='word_1_354' title='bbox 734 2718 811 2750; x_wconf 89' lang='lat' dir='ltr'>suis</span> <span class='ocrx_word' id='word_1_355' title='bbox 828 2719 1019 2752; x_wconf 87' lang='lat' dir='ltr'>consuetis</span> <span class='ocrx_word' id='word_1_356' title='bbox 1043 2720 1208 2752; x_wconf 75' lang='lat' dir='ltr'>vestibus</span> <span class='ocrx_word' id='word_1_357' title='bbox 1226 2720 1491 2758; x_wconf 82' lang='lat' dir='ltr'>induebantur,</span> <span class='ocrx_word' id='word_1_358' title='bbox 1518 2723 1567 2760; x_wconf 88' lang='lat' dir='ltr'>et,</span> <span class='ocrx_word' id='word_1_359' title='bbox 1586 2730 1736 2763; x_wconf 88' lang='lat' dir='ltr'>semper</span> 
     </span>
     <span class='ocr_line' id='line_1_39' title="bbox 87 2772 1734 2818; baseline 0.003 -13"><span class='ocrx_word' id='word_1_360' title='bbox 87 2772 252 2815; x_wconf 84' lang='lat' dir='ltr'>capellos</span> <span class='ocrx_word' id='word_1_361' title='bbox 269 2773 308 2806; x_wconf 92' lang='lat' dir='ltr'>in</span> <span class='ocrx_word' id='word_1_362' title='bbox 324 2774 510 2815; x_wconf 86' lang='lat' dir='ltr'>capitibus</span> <span class='ocrx_word' id='word_1_363' title='bbox 536 2775 574 2806; x_wconf 88' lang='lat' dir='ltr'>et</span> <span class='ocrx_word' id='word_1_364' title='bbox 592 2772 744 2815; x_wconf 79' lang='lat' dir='ltr'>flagella</span> <span class='ocrx_word' id='word_1_365' title='bbox 764 2773 803 2806; x_wconf 87' lang='lat' dir='ltr'>in</span> <span class='ocrx_word' id='word_1_366' title='bbox 822 2774 994 2806; x_wconf 84' lang='lat' dir='ltr'>manibus</span> <span class='ocrx_word' id='word_1_367' title='bbox 1012 2775 1266 2816; x_wconf 85' lang='lat' dir='ltr'>deportantes,</span> <span class='ocrx_word' id='word_1_368' title='bbox 1285 2776 1330 2808; x_wconf 89' lang='lat' dir='ltr'>ad</span> <span class='ocrx_word' id='word_1_369' title='bbox 1348 2784 1416 2808; x_wconf 88' lang='lat' dir='ltr'>sua</span> <span class='ocrx_word' id='word_1_370' title='bbox 1434 2776 1599 2818; x_wconf 83' lang='lat' dir='ltr'>hospitia</span> <span class='ocrx_word' id='word_1_371' title='bbox 1617 2776 1734 2810; x_wconf 89' lang='lat' dir='ltr'>decli·</span> 
     </span>
     <span class='ocr_line' id='line_1_40' title="bbox 88 2828 1672 2872; baseline 0.001 -10"><span class='ocrx_word' id='word_1_372' title='bbox 88 2830 242 2870; x_wconf 75' lang='lat' dir='ltr'>narunt3</span> <span class='ocrx_word' id='word_1_373' title='bbox 257 2828 496 2870; x_wconf 86' lang='lat' dir='ltr'>similemque</span> <span class='ocrx_word' id='word_1_374' title='bbox 512 2828 797 2871; x_wconf 86' lang='lat' dir='ltr'>poenitentiam,</span> <span class='ocrx_word' id='word_1_375' title='bbox 816 2830 857 2861; x_wconf 84' lang='lat' dir='ltr'>ut</span> <span class='ocrx_word' id='word_1_376' title='bbox 871 2829 1080 2870; x_wconf 82' lang='lat' dir='ltr'>dicebatur,</span> <span class='ocrx_word' id='word_1_377' title='bbox 1099 2829 1260 2872; x_wconf 84' lang='lat' dir='ltr'>singulis</span> <span class='ocrx_word' id='word_1_378' title='bbox 1279 2831 1451 2864; x_wconf 88' lang='lat' dir='ltr'>noctibus</span> <span class='ocrx_word' id='word_1_379' title='bbox 1469 2832 1672 2865; x_wconf 80' lang='lat' dir='ltr'>faciebant.</span> 
     </span>
    </p>
   </div>
   <div class='ocr_carea' id='block_1_9' title="bbox 438 2903 1739 3066">
    <p class='ocr_par' dir='ltr' id='par_1_9' title="bbox 438 2903 1739 3066">
     <span class='ocr_line' id='line_1_41' title="bbox 438 2903 1732 2952; baseline 0.004 -16"><span class='ocrx_word' id='word_1_380' title='bbox 438 2903 597 2936; x_wconf 88' lang='lat' dir='ltr'>Roberti</span> <span class='ocrx_word' id='word_1_381' title='bbox 615 2903 661 2936; x_wconf 87' lang='lat' dir='ltr'>de</span> <span class='ocrx_word' id='word_1_382' title='bbox 685 2905 880 2947; x_wconf 80' lang='lat' dir='ltr'>Avesbury</span> <span class='ocrx_word' id='word_1_383' title='bbox 907 2904 1073 2939; x_wconf 71' lang='lat' dir='ltr'>Historia</span> <span class='ocrx_word' id='word_1_384' title='bbox 1097 2905 1142 2939; x_wconf 83' lang='lat' dir='ltr'>de</span> <span class='ocrx_word' id='word_1_385' title='bbox 1165 2906 1396 2941; x_wconf 70' lang='lat' dir='ltr'>mirabilibus</span> <span class='ocrx_word' id='word_1_386' title='bbox 1424 2910 1537 2952; x_wconf 62' lang='lat' dir='ltr'>gestis</span> <span class='ocrx_word' id='word_1_387' title='bbox 1561 2907 1732 2942; x_wconf 83' lang='lat' dir='ltr'>Edvardi</span> 
     </span>
     <span class='ocr_line' id='line_1_42' title="bbox 478 2957 1728 3005; baseline 0.005 -14"><span class='ocrx_word' id='word_1_388' title='bbox 478 2957 549 2998; x_wconf 92' lang='lat' dir='ltr'>III,</span> <span class='ocrx_word' id='word_1_389' title='bbox 575 2959 670 3001; x_wconf 80' lang='lat' dir='ltr'>uitg.</span> <span class='ocrx_word' id='word_1_390' title='bbox 701 2960 795 2992; x_wconf 86' lang='lat' dir='ltr'>door</span> <span class='ocrx_word' id='word_1_391' title='bbox 819 2960 884 2993; x_wconf 87' lang='lat' dir='ltr'>Th.</span> <span class='ocrx_word' id='word_1_392' title='bbox 913 2961 1102 2994; x_wconf 84' lang='lat' dir='ltr'>Hearnius</span> <span class='ocrx_word' id='word_1_393' title='bbox 1123 2962 1294 3003; x_wconf 80' lang='lat' dir='ltr'>(Oxford,</span> <span class='ocrx_word' id='word_1_394' title='bbox 1321 2962 1430 3004; x_wconf 79' lang='lat'>1720),</span> <span class='ocrx_word' id='word_1_395' title='bbox 1464 2963 1533 2996; x_wconf 89' lang='lat' dir='ltr'>blz.</span> <span class='ocrx_word' id='word_1_396' title='bbox 1562 2964 1728 3005; x_wconf 77' lang='lat' dir='ltr'>179-1SO;</span> 
     </span>
     <span class='ocr_line' id='line_1_43' title="bbox 487 3012 1739 3066; baseline 0.004 -17"><span class='ocrx_word' id='word_1_397' title='bbox 487 3012 562 3050; x_wconf 69' lang='lat' dir='ltr'>The</span> <span class='ocrx_word' id='word_1_398' title='bbox 580 3013 774 3049; x_wconf 78' lang='lat' dir='ltr'>Chronicle</span> <span class='ocrx_word' id='word_1_399' title='bbox 793 3016 838 3062; x_wconf 77' lang='lat' dir='ltr'>of</span> <span class='ocrx_word' id='word_1_400' title='bbox 854 3015 1059 3052; x_wconf 65' lang='lat' dir='ltr'>Mammam</span> <span class='ocrx_word' id='word_1_401' title='bbox 1084 3015 1171 3052; x_wconf 77' lang='lat' dir='ltr'>with</span> <span class='ocrx_word' id='word_1_402' title='bbox 1188 3016 1248 3052; x_wconf 73' lang='lat' dir='ltr'>the</span> <span class='ocrx_word' id='word_1_403' title='bbox 1274 3017 1466 3052; x_wconf 78' lang='lat' dir='ltr'>Chronicle</span> <span class='ocrx_word' id='word_1_404' title='bbox 1484 3020 1530 3066; x_wconf 82' lang='lat' dir='ltr'>of</span> <span class='ocrx_word' id='word_1_405' title='bbox 1540 3019 1674 3054; x_wconf 82' lang='lat' dir='ltr'>Robert</span> <span class='ocrx_word' id='word_1_406' title='bbox 1693 3021 1739 3066; x_wconf 79' lang='lat' dir='ltr'>of</span> 
     </span>
    </p>
   </div>
  </div>
 </body>
</html>
