2050 3470
237 303 281 334 46
883 301 1019 335 ANNO
1046 302 1232 334 1935-1‘2313

588 409 804 454 Chroniyue
820 412 934 444 rimee
950 410 995 443 de
1010 410 1180 455 Philippe
1195 413 1378 453 Mousket,
1397 415 1444 455 bij
1463 414 1586 454 Pertz,
1605 415 1863 458 Monumenta,

631 466 847 509 Scriptores,
877 465 959 499 deel
984 466 1122 506 XXVI,
1152 467 1220 499 blz.
1253 468 1406 501 804-807.
1421 487 1461 492 —-
1480 469 1522 502 In
1554 469 1705 513 Corpus,
1724 471 1807 504 deel
1831 472 1861 512 I,

632 520 700 553 blz.
733 522 787 560 95,
817 521 871 560 96,
901 520 973 553 had
999 521 1037 552 ik
1063 530 1155 554 naar
1176 522 1221 554 de
1249 523 1401 564 uitgavc
1426 533 1496 556 van
1525 525 1579 557 De
1604 525 1862 570 Reiffenberg,

632 576 728 616 (deel
753 576 803 615 ΙΙ,
824 575 891 608 blz.
917 576 1074 617 607-613)
1091 585 1161 609 6611
1178 576 1394 620 onvolledig
1409 579 1607 612 uittroksol
1626 589 1696 613 van
1714 581 1774 614 (116
1798 591 1863 614 200

631 630 867 673 belangrijke
891 632 982 663 bron
1010 640 1257 673 opgenomen.
1278 632 1372 665 Hier
1396 634 1483 675 geef
1506 634 1546 666 ik
1563 634 1627 668 het
1643 635 1796 669 verhaal
1813 645 1863 669 nu

630 687 667 718 in
686 687 755 727 ziJn
774 685 909 728 geheel
928 695 1020 719 naar
1036 687 1107 718 (1611
1125 687 1279 719 beteren
1304 687 1404 720 tekst
1421 688 1487 721 der
1510 688 1766 730 Monumenta‚
1792 691 1863 723 uit-

627 749 799 783 gegeven
813 741 906 773 door
923 741 1066 774 Holder
1082 742 1222 783 Egger.
1241 759 1278 765 ——
1301 741 1399 774 Over
1415 743 1461 775 de
1477 743 1776 778 werkzaamheid
1792 754 1863 778 van

626 795 786 828 broeder
813 795 970 835 Robert,
997 796 1051 828 zie
1074 795 1199 828 Julius
1227 796 1462 838 Frederichs,
1486 797 1622 832 Robert
1644 797 1676 831 Ze
1699 799 1862 842 Bouyre,

620 851 787 893 premier
824 851 1044 894 inquisiteur
1070 850 1227 893 yene'ral
1260 861 1306 884 en
1345 851 1491 885 Franco
1521 853 1708 896 (Travaux
1744 855 1790 888 de
1826 854 1864 888 la

628 905 784 938 Faculte
801 906 846 938 de
863 905 1101 948 philosophie
1126 908 1162 939 et
1187 905 1317 939 lettres
1334 906 1379 939 de
1403 906 1648 941 l'Universite
1672 909 1718 942 de
1743 909 1860 949 Gand,

625 959 664 991 6ο
688 962 804 1001 fasc.;
830 960 924 992 Gent
949 959 1060 1001 1892),
1099 970 1146 993 611
1162 961 1276 1002 mijne
1310 959 1566 995 Geschiedenis
1589 961 1656 996 der
1671 962 1863 1007 Inquisitie

623 1016 661 1047 in
683 1014 728 1048 de
744 1014 1026 1056 Nederlanden,
1044 1015 1128 1049 deel
1145 1015 1176 1056 Ι,
1194 1015 1264 1048 blz.
1281 1015 1325 1048 50
1341 1025 1387 1050 en
1400 1016 1497 1059 volg.

899 1130 969 1174 24
1003 1124 1170 1187 (951218).

292 1260 544 1307 1235-1236,
581 1258 821 1312 Kamerz‘jk
843 1270 897 1301 en
921 1258 1126 1301 Dowaaz'.
1157 1257 1398 1301 Uittreksel
1420 1258 1482 1301 uit
1499 1257 1551 1300 de
1569 1258 1744 1315 kronijk
1773 1273 1858 1303 van

233 1327 458 1371 Albericus
481 1328 627 1370 Trium
651 1327 869 1378 Fontium,
906 1340 1010 1369 over
1033 1326 1108 1369 het
1141 1325 1412 1369 verbranden
1443 1340 1525 1369 van
1552 1328 1859 1371 verscheidene

230 1397 398 1440 ketters
437 1409 521 1439 van
560 1395 707 1438 beider
743 1395 891 1438 kunne
929 1399 972 1438 te
1014 1393 1494 1446 Cheilons-sur-Marne,
1536 1396 1762 1454 Kamerijk
1804 1410 1858 1439 611

230 1467 420 1510 Dowaai.
447 1465 569 1507 —In
595 1464 646 1507 de
670 1467 812 1507 eerste
832 1463 927 1506 stad
950 1463 1128 1506 werden
1148 1477 1196 1506 er
1216 1463 1386 1506 ketters
1405 1463 1621 1507 ver-brand
1638 1465 1682 1507 in
1705 1470 1860 1521 tegen-

230 1536 528 1593 woordigheid
570 1549 654 1579 van
697 1535 883 1579 broeder
920 1534 1084 1578 Robert
1124 1549 1178 1578 en
1222 1535 1304 1577 den
1348 1535 1601 1592 Parijsehen
1639 1535 1860 1578 kanselier

230 1607 473 1663 Philippus.
500 1606 558 1648 Te
591 1604 819 1661 Kamerijk
852 1604 974 1646 werd
998 1618 1038 1648 0.
1076 1617 1116 1647 a.
1157 1604 1352 1660 Alaydis,
1393 1619 1499 1647 eene
1538 1604 1648 1648 oude
1686 1617 1854 1656 vrouw,

229 1674 542 1731 aangehouden
567 1688 619 1716 en
646 1673 880 1724 verbrand,
907 1673 974 1715 die
997 1673 1213 1715 nochtans
1246 1672 1459 1728 doorging
1492 1686 1598 1715 voor
1629 1686 1729 1715 zeer
1751 1672 1857 1728 god-

228 1744 433 1799 vruohtig
466 1757 518 1785 en
553 1757 652 1785 2661·
675 1741 892 1798 liefdadig.
927 1744 985 1785 Te
1008 1742 1141 1800 gelijk
1167 1746 1253 1785 met
1285 1742 1394 1784 haar
1426 1742 1604 1785 werden
1638 1755 1857 1798 ongeveer

231 1813 408 1869 twintig
431 1812 591 1854 andere
613 1812 783 1855 ketters
806 1811 1021 1854 verbrand
1046 1825 1100 1854 en
1123 1811 1480 1867 een—en·twintig
1503 1811 1777 1867 ingemuurd.
1799 1812 1858 1853 Te

232 1881 407 1925 Dowaai
426 1895 477 1923 en
501 1881 545 1923 in
570 1882 647 1924 het
669 1880 941 1937 omliggende
963 1880 1141 1923 werden
1161 1894 1209 1923 er
1233 1880 1342 1923 ruim
1367 1879 1511 1935 dertig
1533 1879 1764 1923 verbrand.

272 1975 327 2008 Ad
347 1984 485 2007 annum
503 1974 599 2007 1235.
618 1974 662 2007 111
680 1974 831 2006 civitate
849 1973 1152 2014 Cathalaunensi,
1170 1973 1368 2014 praesente
1391 1973 1509 2005 fratre
1533 1973 1702 2006 Roberto
1720 1973 1757 2005 et
1773 1981 1857 2005 can-

230 2029 384 2062 cellario
404 2030 610 2062 Parisiensi
628 2030 811 2072 magistro
825 2028 1015 2070 Philippo,
1032 2028 1217 2061 combusti
1232 2028 1386 2060 fuerunt
1403 2027 1575 2060 heretici.
1598 2027 1743 2060 Horum
1762 2036 1858 2060 unus

229 2085 433 2118 Arnolinus
446 2087 575 2117 tonsor
585 2086 685 2117 totus
699 2084 849 2117 demoni
863 2084 1009 2116 deditus
1024 2085 1060 2116 et
1073 2083 1173 2115 ultra
1186 2083 1337 2115 modum
1350 2082 1489 2115 fetidus
1504 2082 1641 2115 multos
1655 2083 1694 2114 in
1707 2082 1859 2115 civitate

230 2141 454 2181 decipiebat.
475 2139 659 2173 Similiter
682 2140 720 2171 in
743 2139 943 2171 Gamerae-o
968 2138 1077 2170 multi
1101 2137 1363 2178 comprehensi
1388 2138 1486 2176 sunt,
1506 2138 1606 2170 inter
1622 2146 1715 2178 quos
1732 2136 1860 2170 vetula

231 2196 389 2237 quedam
414 2195 569 2237 Alaydis
586 2195 750 2231 1101111116.
770 2195 832 2235 qui
850 2194 1048 2226 videbatur
1071 2194 1109 2225 et
1133 2193 1356 2225 credebatur
1380 2201 1460 2224 esse
1485 2192 1593 2225 valde
1617 2191 1798 2233 religiosa
1822 2194 1859 2225 et

230 2251 496 2283 elemosinaria
512 2250 612 2282 ultra
628 2250 791 2288 modum,
810 2249 961 2281 tandem
978 2249 1151 2281 accusata
1167 2247 1437 2288 comprehensa
1461 2248 1529 2279 est.
1556 2247 1611 2280 De
1627 2247 1699 2279 ista
1716 2247 1857 2279 dictum

231 2309 299 2344 est,
328 2306 425 2346 quod
449 2306 608 2346 quadam
632 2305 693 2336 die
715 2313 784 2345 per
806 2303 912 2336 illum
936 2304 999 2344 qui
1018 2303 1204 2336 clamabat
1219 2312 1287 2344 per
1303 2300 1518 2335 civitatem:
1545 2301 1681 2335 Vinum
1704 2301 1856 2341 bonum,

229 2362 359 2392 vinum
377 2361 568 2402 optimum,
586 2361 716 2391 vinum
726 2359 944 2401 pretiosum,
970 2358 1056 2390 dato
1081 2358 1203 2398 pretio
1231 2357 1365 2389 fecerit
1389 2356 1568 2389 clamari:
1595 2356 1716 2389 Deum
1732 2357 1856 2398 pium,

231 2414 352 2447 Deum
384 2413 671 2452 misericordem,
705 2413 826 2446 Deum
856 2412 994 2445 bonum
1024 2417 1056 2445 ec
1089 2414 1280 2455 optimum,
1317 2421 1384 2453 per
1418 2413 1535 2444 totam
1561 2412 1752 2445 civitatem
1776 2412 1857 2453 ipsa

229 2472 409 2511 sequente
429 2472 464 2502 et
483 2470 693 2502 affirmante
709 2478 716 2501 :
735 2468 836 2501 Bene
853 2467 950 2507 dicit,
969 2477 1099 2500 verum
1116 2466 1212 2499 dicit.
1229 2467 1276 2499 Et
1292 2466 1362 2498 hoc
1376 2468 1495 2499 totum
1508 2467 1598 2499 feeit
1611 2476 1724 2499 eausa
1737 2466 1858 2500 laudis

229 2524 402 2564 humane,
429 2528 469 2557 ut
494 2527 578 2566 post
601 2524 785 2566 apparuit.
812 2523 890 2556 Ista
912 2523 1039 2563 itaque
1063 2523 1256 2554 combusta
1278 2522 1352 2553 fuit
1376 2531 1461 2554 cum
1486 2521 1570 2554 aliis
1587 2523 1667 2554 fere
1684 2521 1739 2561 20,
1758 2523 1795 2554 et
1811 2521 1851 2553 21

229 2579 386 2620 inclusi;
407 2582 444 2613 et
461 2581 499 2612 in
518 2580 645 2613 Duaco
663 2581 701 2611 et
717 2579 818 2611 circa
834 2578 961 2620 partes
977 2577 1061 2610 illas
1079 2578 1173 2610 bene
1189 2576 1232 2609 30
1250 2577 1432 2609 combusti
1451 2577 1549 2608 sunt.

575 2639 740 2681 Kronijk
771 2647 843 2671 van
874 2637 1072 2671 Albericus
1104 2638 1235 2671 Trium
1272 2637 1460 2676 Pontium,
1496 2636 1727 2679 uitgegeven
1762 2637 1856 2670 door

619 2694 787 2727 Scheffer
809 2693 1009 2726 Boiohorst
1033 2693 1082 2734 bij
1109 2693 1232 2732 Pertz,
1257 2691 1515 2732 Monumenta,
1531 2690 1745 2734 Scriptores,
1770 2692 1854 2726 deel

619 2749 764 2789 XXIII,
785 2749 854 2781 blz.
873 2749 948 2781 936.

893 2864 958 2906 25
998 2858 1159 2920 (95ter).

286 2992 536 3039 1235-1236,
571 2989 832 3047 Frankrijlz
853 3001 908 3032 en
941 2989 1239 3033 Vlaanderen.
1276 2987 1514 3032 Uittreksel
1538 3001 1621 3031 van
1645 2987 1728 3030 den
1749 2987 1850 3044 tijd-
