2050 3470
310 317 352 349 6⁴3
996 314 1132 350 ANNO
1158 313 1238 347 1311

305 429 430 459 nostra
447 424 744 466 metropolitana,
764 425 800 456 in
818 424 1037 466 provinciali
1058 425 1230 465 concilio,
1249 426 1345 466 quod
1367 426 1570 460 Silvanecti
1597 437 1681 461 cum
1697 429 1920 466 venerabili,

307 482 373 513 bus
391 478 567 513 fratribus
584 479 830 521 suffraganeis
855 479 990 511 nostris
1015 478 1299 520 celebravimus,
1318 481 1393 513 sint
1409 481 1576 522 prolatae
1595 494 1604 524 3
1631 484 1781 524 quidam
1798 486 1921 519 tamen

305 544 350 567 ex
366 535 419 566 eis
437 533 519 565 illas
533 533 747 573 apostasias,
767 532 940 565 haereses
965 535 1001 564 et
1019 541 1170 565 errores
1195 542 1217 566 a
1242 535 1428 576 principio
1446 535 1613 569 totaliter
1630 540 1860 580 negaverunt
1885 542 1922 572 et

305 588 424 621 adhuc
449 588 484 618 in
503 587 702 629 negatione
727 586 938 628 hujusmodi
964 588 1138 619 continue
1167 589 1412 629 perstiterunt
1441 592 1477 621 et
1509 590 1629 623 adhuc
1656 595 1919 634 perseverant;

302 646 432 676 contra
449 651 540 683 quos
568 643 605 674 et
621 640 713 673 alios
730 640 862 674 h‘arum
886 641 1086 674 haeresum
1104 644 1141 674 et
1165 651 1337 676 errorum
1363 644 1564 686 complices
1583 646 1744 678 noudum
1767 647 1921 680 fuerunt

301 696 551 731 absolutoriae
590 695 647 729 vel
685 696 1036 738 condempnatoriae
1064 698 1271 731 sententiae
1299 699 1406 740 Juxta
1433 700 1538 732 nobis
1563 700 1720 734 sormam
1743 701 1919 736 traditam

300 751 571 795 promulgatae.
596 751 852 784 Convertimus
876 753 1073 794 praeterea
1089 754 1238 786 nostrae
1264 754 1574 787 considerationis
1607 755 1733 788 oculos
1765 757 1856 798 quot
1882 758 1921 790 et

301 807 448 848 quantis
487 805 666 839 ecclesiae
702 806 739 838 et
775 814 957 847 personae
983 805 1259 840 ecclesiasticae
1294 813 1444 841 nostrae
1480 809 1678 842 Remensis
1712 810 1918 852 privinciae

300 862 559 903 opprimantur
583 861 874 903 gravaminibus,
893 862 1092 904 pressuris,
1117 862 1267 904 injuriis
1296 864 1334 896 et
1350 864 1555 906 erumpnis,
1581 863 1742 906 qualiter
1764 865 1919 908 insuper

299 924 428 949 earum
464 915 561 956 ,ᾖα-3,,
601 913 791 947 libertates
829 916 866 948 et
904 915 1160 949 immunitates
1192 918 1229 949 et
1267 917 1466 960 privilegia
1489 918 1767 960 conculcentur,
1806 922 1919 963 prout

298 970 540 1012 multipharia
562 969 753 1012 publicant
782 972 1026 1013 argumenta:
1054 971 1147 1005 haec
1172 972 1259 1005 dum
1282 973 1419 1006 mentis
1450 975 1600 1007 nostrae
1630 975 1917 1016 praesentantur

298 1026 501 1065 obtutibuS,
520 1025 565 1058 ad
590 1027 692 1058 tanta
715 1025 931 1059 discrimina
958 1026 1159 1060 relevanda
1187 1027 1350 1069 suspirat
1377 1028 1544 1069 affectus,
1563 1028 1663 1062 zelus
1687 1029 1914 1071 accenditur,

296 1082 449 1123 spiritus
466 1081 650 1113 anxiatur.
677 1080 768 1113 Cum
792 1084 915 1114 autem
944 1083 981 1114 et
1008 1082 1256 1125 suffraganeis
1287 1083 1424 1115 nostris
1447 1084 1648 1125 praedictis
1665 1083 1915 1127 singularium

295 1144 494 1179 pravorum
533 1136 692 1168 fratrum
731 1136 872 1168 ordinis
908 1136 1054 1179 Templi
1078 1138 1260 1179 praedicti
1285 1140 1436 1172 nostrae
1461 1138 1658 1172 Remensis
1685 1139 1912 1183 provinciae,

295 1192 473 1233 quantum
487 1191 532 1224 ad
544 1191 634 1223 istas
651 1189 826 1224 haereses
844 1193 881 1224 ct
897 1201 1059 1232 errores,
1085 1193 1307 1227 diffinitivae
1323 1194 1532 1227 sententiae
1547 1193 1605 1228 vel
1623 1194 1913 1237 condempnato-

293 1247 373 1280 riae
389 1245 446 1279 vel
464 1245 716 1278 absolutoriae
733 1247 957 1281 auctoritate
987 1249 1193 1290 apostolica
1219 1250 1294 1282 sint
1320 1249 1540 1283 commissae
1556 1248 1595 1281 in
1611 1249 1738 1282 nostro
1761 1249 1914 1291 provin·

293 1300 379 1334 ciali
396 1299 555 1333 concilio
579 1301 839 1342 proferendae,
858 1312 924 1336 nos
942 1312 987 1336 ex
1004 1304 1126 1337 causis
1142 1305 1345 1347 praedictis
1362 1304 1460 1347 apud
1476 1304 1726 1337 Silvanectum
1742 1303 1802 1337 die
1817 1303 1913 1346 j0vis

291 1358 375 1399 post
391 1356 682 1398 assumptionem
697 1357 864 1400 Virginis
878 1357 1079 1401 gloriosae,
1101 1360 1255 1393 homino
1274 1361 1438 1400 auctore,
1462 1358 1691 1402 provinciale
1716 1357 1916 1392 concilium

291 1410 367 1441 tam
391 1410 597 1452 apostolica
619 1421 731 1453 quam
754 1415 882 1446 nostra
910 1415 1135 1448 auctoritate
1175 1414 1466 1457 metropolitana
1494 1414 1725 1448 decrevimus
1753 1422 1912 1447 evocan-

291 1464 405 1506 dum;
438 1465 597 1507 ideoque
635 1467 865 1501 fraternitati
893 1470 1052 1511 vestrae,
1082 1470 1299 1511 praemissis
1323 1469 1620 1510 auctoritatibus,
1645 1468 1911 1511 praecipiendo

290 1520 519 1561 mandamus,
538 1522 721 1562 quatenus
737 1523 995 1566 suffraganeos
1009 1525 1234 1567 praedictos,
1254 1526 1420 1566 abbates,
1437 1525 1671 1567 praepositos
1684 1523 1910 1558 secularium

289 1576 326 1607 et
356 1575 590 1618 regularium
624 1576 879 1618 ecclesiarum,
921 1580 1065 1621 priores
1098 1580 1361 1614 conventuales
1392 1588 1698 1622 quorumcunque
1737 1579 1909 1613 ordinum

288 1632 480 1672 exemptos
497 1633 535 1664 et
547 1641 620 1664 non
634 1635 838 1675 exemptos,
848 1634 1012 1676 capitula
1025 1635 1296 1669 cathedralium
1313 1637 1350 1668 et
1363 1635 1649 1677 collegiatarum
1664 1634 1909 1669 ecclesiarum

287 1685 500 1727 praedictae
516 1687 714 1721 Remensis
732 1689 960 1731 provinciae,
979 1700 1138 1732 quorum
1155 1691 1312 1724 maturis
1327 1690 1479 1723 auxiliis
1492 1692 1529 1723 et
1542 1689 1707 1732 providis
1724 1688 1908 1723 consulta·

287 1741 451 1773 tionibus
475 1741 513 1774 in
530 1743 765 1784 proferendis
791 1745 985 1778 sententiis
1010 1745 1222 1787 hujusmodi
1249 1746 1285 1779 et
1302 1745 1386 1778 aliis
1404 1745 1492 1778 fidei
1510 1745 1710 1788 negocium
1721 1744 1908 1787 tangenti-

288 1796 354 1828 bus
379 1796 602 1839 indigemus,
622 1798 702 1830 sine
718 1807 845 1831 morae
863 1799 1056 1840 dispendio
1074 1802 1283 1840 evocantes,
1302 1800 1484 1833 intimetis
1502 1799 1672 1832 omnibus
1697 1799 1735 1832 et
1750 1797 1909 1842 singulis

286 1851 508 1892 supradictis
535 1861 603 1894 per
626 1854 768 1885 vestras
798 1855 968 1895 patentes
993 1854 1139 1888 litteras
1164 1855 1297 1888 harum
1321 1855 1457 1888 seriem
1481 1854 1727 1894 continentes,
1744 1855 1786 1887 ut
1801 1862 1907 1896 prae-

285 1907 352 1939 fati
375 1907 617 1949 suffraganei,
647 1907 812 1948 abbates,
842 1909 1046 1950 praepositi
1079 1911 1115 1942 et
1147 1910 1293 1952 priores
1327 1909 1588 1952 personaliter,
1618 1907 1782 1951 capitula
1817 1917 1907 1941 vero

285 1960 555 1994 cathedralium
572 1970 640 2003 per
653 1961 744 1994 duos
762 1962 807 1994 ad
832 1963 954 1995 minus
967 1963 1013 1996 de
1037 1965 1180 2006 gremio
1199 1973 1277 2004 suo,
1296 1965 1333 1996 et
1349 1963 1636 2006 collegiatarum
1664 1962 1908 1996 ecclesiarum

282 2025 350 2057 per
362 2019 644 2058 procuratorem
661 2026 725 2050 seu
749 2020 1012 2058 procuratores
1030 2019 1195 2060 ydoneos
1218 2019 1452 2051 sufficienter
1475 2019 1676 2051 instructos
1693 2018 1738 2050 ad
1755 2017 1905 2050 audien-

282 2071 381 2111 dum,
399 2072 638 2105 referendum
652 2073 690 2105 et
707 2074 1025 2114 consentiendum,
1039 2074 1140 2106 dicto
1155 2074 1215 2107 die
1228 2083 1312 2107 cum
1325 2074 1456 2107 diebus
1471 2073 1711 2115 sequentibus
1729 2072 1903 2114 quamdiu
1926 2098 1933 2101 -

279 2127 532 2168 prosecutioni
549 2128 794 2171 negociorum
811 2130 1085 2171 emergentium
1098 2130 1210 2163 fuerit
1222 2129 1471 2164 insistendum
1489 2131 1525 2163 et
1538 2129 1633 2169 loco,
1652 2137 1778 2162 coram
1794 2128 1901 2161 nobis

281 2180 431 2213 indicto
449 2183 622 2224 concilio,
649 2186 818 2217 cessante
842 2184 1043 2226 cujuslibet
1070 2185 1229 2218 frivolae
1256 2185 1506 2218 excusationis
1535 2183 1705 2226 diffugio,
1730 2183 1905 2216 studeant

280 2245 509 2278 comparere,
528 2240 565 2271 et
580 2248 644 2271 vos
668 2239 808 2272 ibidem
832 2239 1086 2281 personaliter
1104 2240 1300 2280 intersitis,
1328 2239 1545 2273 intimantes
1568 2239 1722 2279 eisdem,
1749 2237 1847 2280 quod
1871 2236 1903 2269 si

280 2300 496 2332 comparere
513 2293 760 2336 neglexerint,
776 2296 907 2327 contra
924 2295 970 2328 ad
988 2304 1128 2337 poenas
1142 2296 1339 2328 canonicas
1355 2296 1466 2337 prout
1477 2295 1619 2336 ¹iustum
1634 2293 1762 2334 suerit,
1775 2302 1903 2335 proce-

280 2344 420 2378 demus.
447 2346 692 2391 InJ'ungentes
723 2349 863 2382 eisdem
891 2349 1146 2391 nihilominus,
1170 2352 1211 2384 ut
1243 2349 1472 2392 gravamina,
1502 2358 1598 2391 quae
1631 2348 1703 2382 sibi
1738 2349 1801 2382 aut
1824 2348 1901 2382 suis

279 2400 447 2434 ecclesiis
461 2403 741 2443 quomodolibet
757 2404 967 2437 inferentur
983 2406 1273 2445 conscribentes,
1292 2414 1336 2438 ea
1360 2405 1465 2437 nobis
1485 2404 1530 2437 ad
1547 2403 1686 2436 dictum
1699 2402 1899 2436 concilium

279 2464 404 2489 secum
432 2458 615 2498 deferant,
643 2461 685 2491 ut
716 2460 782 2499 eis,
808 2460 845 2491 in
873 2460 1027 2492 instanti
1066 2460 1235 2503 generali
1268 2459 1439 2499 concilio,
1469 2459 1579 2501 quod,
1611 2458 1689 2492 Deo
1719 2458 1896 2500 propitio,

277 2510 399 2551 prima
415 2512 474 2545 die
490 2514 627 2545 mensis
646 2513 817 2547 Octobris
835 2514 1099 2555 celebrabitur,
1114 2525 1182 2557 per
1205 2525 1284 2555 nos,
1311 2516 1410 2548 sedis
1434 2513 1663 2556 apostolicae
1680 2513 1896 2555 conspectui

277 2568 536 2607 praesentatis,
551 2568 681 2601 eadem
697 2569 803 2602 sedes
819 2570 1013 2611 provideat
1025 2570 1070 2602 de
1087 2569 1262 2603 remediis
1276 2570 1506 2612 opportunis.
1534 2568 1677 2602 Deinde
1691 2568 1730 2601 in
1747 2568 1896 2611 signum

277 2622 502 2662 receptionis
514 2624 780 2664 praesentium,
799 2623 966 2667 sigillum
982 2626 1147 2658 vestrum
1162 2625 1421 2667 praesentibus
1437 2623 1643 2666 apponatis.
1928 2664 1931 2667 ¹

322 2675 457 2708 Datum
473 2677 616 2717 Remis,
631 2679 698 2710 sub
715 2678 840 2721 sigillo
872 2681 1013 2720 nostro,
1039 2688 1135 2713 anno
1166 2679 1316 2713 Domini
1339 2678 1533 2720 MCCCXI,
1551 2679 1612 2713 die
1628 2677 1786 2712 Veneris
1812 2677 1898 2721 post

276 2729 412 2763 festum
429 2731 559 2765 beatae
573 2732 715 2766 Mariae
732 2733 988 2776 Magdalenae.

621 2825 773 2869 Kervyn
801 2828 847 2860 de
870 2828 1115 2870 Lettenhove‚
1140 2828 1267 2862 Notice
1290 2837 1357 2861 sur
1371 2837 1426 2860 un
1441 2827 1647 2860 manuscrit
1665 2825 1710 2859 de
1726 2825 1890 2869 l'abbaye

662 2879 725 2913 des
742 2881 878 2922 Danas,
897 2882 968 2915 blz.
982 2884 1035 2923 27,
1054 2885 1092 2916 in
1103 2883 1186 2916 deel
1203 2884 1307 2917 XXV
1321 2884 1388 2916 der
1398 2882 1594 2916 Memoires
1609 2880 1654 2914 de
1670 2879 1894 2914 Z’Academie

660 2935 787 2978 royale
810 2934 854 2968 de
880 2936 1084 2981 Belyique;
1111 2938 1184 2971 ook
1211 2940 1248 2972 te
1273 2938 1410 2972 vinden
1434 2937 1482 2979 bij
1509 2935 1740 2977 denzelfden,
1769 2933 1890 2969 Codex

660 2989 858 3032 Dunensis,
884 2991 952 3027 blz.
978 2994 1053 3026 446.
