2050 3470
835 215 970 249 ANNO
1000 215 1079 248 1307
1736 220 1777 249 55

145 329 311 371 exponit,
329 337 424 370 quae
443 327 621 362 abhorret
639 328 676 362 et
699 327 842 371 refugit
858 327 1025 370 ipsarum
1051 328 1371 362 irrationabilium
1396 330 1620 363 sensualitas
1646 332 1778 365 bestia-

146 393 240 417 rum.
262 383 473 425 Dereliquit
491 384 610 417 Deum
627 384 810 416 factorem
827 392 948 422 suum,
968 383 1123 416 recessit
1136 393 1158 417 a
1173 384 1334 417 Domino
1349 384 1535 418 salvatore
1552 396 1632 426 suo,
1645 387 1777 427 Deum,

147 441 211 481 qui
247 449 329 473 eam
364 439 506 481 genuit,
541 438 768 480 dereliquit3
803 438 921 471 oblita
953 440 1010 471 est
1050 439 1201 471 Domini
1242 441 1423 472 creatoris
1462 441 1532 479 sui,
1574 442 1781 475 immolavit

145 495 338 528 daemonis
352 501 387 527 et
406 503 479 526 non
495 495 585 534 Deo,
601 503 694 536 gens
707 495 847 535 absque
865 493 1021 526 consilio
1040 496 1076 527 et
1093 494 1174 527 sine
1193 495 1559 536 prudentia,utinam
1577 499 1725 539 saperet
1742 499 1780 530 et

146 549 379 593 intelligeret
392 558 434 582 ae
448 550 650 582 novissima
666 550 892 591 provideret.

190 603 289 637 Olim
307 605 491 645 siquidem
523 605 568 636 ad
598 614 664 636 nos
688 605 759 637 fide
792 605 992 647 dignorum
1018 614 1128 646 quam
1164 605 1367 647 plurimum
1393 605 1580 639 inculcata
1596 607 1780 641 relatione

144 660 328 702 pervenit,
347 660 444 700 quod
460 662 595 692 fratres
610 659 752 692 ordinis
771 660 930 692 Militiae
949 660 1111 702 Templi,
1127 662 1303 702 gerentes
1320 662 1387 693 sub
1406 662 1530 703 specie
1548 663 1636 704 agni
1650 662 1778 705 lupum

143 717 181 748 et
195 716 262 748 sub
281 715 478 757 religionis
495 715 625 747 habitu
645 715 796 747 nostrae
814 714 992 757 religioni
1020 714 1085 758 [et]
1105 715 1191 748 tidei
1219 716 1392 757 nequiter
1409 716 1644 757 insultantes,
1663 718 1779 750 domi·

144 779 233 803 num
259 771 428 803 nostrum
444 770 574 803 Jesum
588 769 776 803 Christum
794 771 1005 802 novissimis
1019 771 1250 812 temporibus
1268 780 1335 812 pro
1354 771 1506 804 humani
1522 772 1779 814 redemptione

143 825 294 868 generis
311 826 545 858 crucifixum.
566 826 817 867 gravioribus,
838 834 949 866 quam
964 826 1000 857 in
1016 834 1126 858 cruce
1141 825 1310 867 pertulit,
1329 826 1443 858 illatis
1460 827 1623 867 inJuriiss
1642 827 1778 860 iterum

143 881 382 922 crucifigunt,
398 880 485 913 dum
500 881 536 912 in
558 881 638 921 ipso
657 881 830 923 ingressu
850 881 982 921 suique
1008 881 1242 922 professione
1267 881 1410 913 ordinis
1435 882 1556 923 ipsum
1574 884 1778 924 conspecti-

143 936 210 968 bus
228 936 304 969 suis
330 936 410 976 ejus
435 936 561 978 effigie
585 936 825 977 praesentata
841 936 992 974 misera,
1018 936 1131 967 immo
1156 936 1363 969 miserabili
1388 937 1569 969 caecitate
1593 938 1651 969 ter
1667 938 1780 970 abne-

141 991 233 1033 gant
256 1000 298 1023 ac
315 990 489 1023 horribili
507 990 730 1023 crudelitate
750 992 808 1023 ter
832 991 870 1022 in
895 991 1031 1023 faciem
1055 993 1193 1032 spuunt
1217 992 1310 1032 ejus,
1345 994 1382 1024 et
1412 992 1650 1033 postmodum
1675 993 1778 1025 exuti

140 1046 319 1085 vestibus,
347 1055 438 1087 quas
463 1046 501 1078 in
525 1045 710 1079 saeculari
740 1045 871 1078 habitu
901 1046 1135 1086 deferebant,
1166 1046 1254 1078 nudi
1283 1047 1321 1079 in
1339 1047 1544 1080 visitatoris
1571 1048 1635 1080 aut
1658 1048 1779 1081 vicem

142 1102 224 1143 ejus
263 1101 443 1144 gerentis,
484 1101 547 1142 qui
577 1110 640 1133 eos
673 1101 719 1133 ad
758 1101 1034 1142 professionem
1063 1102 1211 1143 recipit,
1253 1102 1468 1143 praesentia
1491 1103 1699 1143 constituti,
1739 1104 1778 1136 in

142 1156 343 1199 posteriori
361 1158 467 1198 parte
487 1157 617 1198 spinae
636 1156 738 1189 dorsi
757 1156 893 1198 primo,
921 1156 1084 1188 secundo
1100 1157 1138 1189 in
1155 1156 1334 1190 umbilico
1352 1158 1389 1190 et
1405 1157 1555 1190 demum
1580 1158 1617 1190 in
1643 1167 1720 1198 ore,
1740 1159 1777 1191 in

142 1211 328 1244 humanae
345 1211 541 1253 dignitatis
555 1211 815 1252 opprobrium,
833 1211 943 1252 juxta
958 1212 1158 1252 profanum
1181 1211 1323 1244 ordinis
1341 1212 1398 1244 sui
1423 1213 1538 1244 ritum
1561 1212 1779 1246 deosculan-

142 1269 203 1300 tur
220 1267 266 1300 ab
282 1267 362 1308 ipso
377 1267 428 1307 et,
443 1267 642 1308 postquam
659 1266 824 1298 divinam
843 1265 967 1308 legem
983 1268 1060 1298 tam
1075 1267 1249 1299 nefandis
1267 1267 1432 1307 ausibUS,
1447 1268 1523 1300 tam
1548 1267 1778 1302 detestandis

142 1321 318 1364 operibus
336 1321 585 1360 offenderunt,
604 1321 805 1354 humanam
824 1322 1016 1355 offendere
1035 1331 1108 1355 non
1120 1324 1307 1363 verentes,
1322 1324 1568 1365 professionis
1585 1333 1675 1357 suae
1692 1325 1777 1357 voto

139 1387 178 1411 se
197 1377 379 1420 obligant,
398 1377 497 1418 quod
519 1376 615 1409 alter
643 1376 753 1410 alteri
786 1376 889 1409 illius
919 1377 1116 1410 horribilis
1145 1379 1182 1411 et
1210 1379 1396 1412 tremendi
1428 1380 1648 1413 concubitus
1671 1380 1777 1420 vitio,

139 1434 296 1475 propter
312 1432 409 1474 quod
435 1432 537 1464 venit
561 1432 599 1464 in
617 1432 851 1465 diffidentiae
870 1431 968 1464 filios
996 1432 1054 1465 ira
1082 1433 1164 1473 Dei,
1184 1434 1389 1475 requisitus
1413 1434 1713 1469 irrecusabiliter
1737 1444 1777 1469 se

140 1489 316 1530 exponet,
335 1486 539 1528 dereliquit
555 1488 699 1520 fontem
716 1496 836 1528 aquae
852 1487 972 1529 vivae,
993 1488 1227 1530 mutavitque
1241 1488 1404 1531 gloriam
1421 1499 1526 1523 suam
1543 1490 1581 1523 in
1601 1489 1775 1523 similitu-

139 1544 265 1576 dinem
282 1542 391 1575 vituli
408 1543 445 1575 et
458 1541 570 1575 idolis
587 1542 758 1575 immolat
772 1551 865 1585 gens
885 1543 1100 1584 immunda3
1120 1542 1214 1577 haec
1231 1546 1269 1577 et
1292 1544 1368 1578 alia
1383 1553 1477 1587 gens
1500 1546 1657 1588 perfida,
1683 1554 1776 1588 gens

139 1599 271 1632 insana
297 1599 334 1631 et
365 1598 492 1630 dedita
519 1597 682 1630 cultibus
721 1597 909 1631 idolorum
944 1599 1180 1632 committere
1210 1609 1283 1632 non
1319 1601 1484 1640 veretur,
1517 1609 1677 1642 quorum
1701 1610 1775 1634 non

138 1654 260 1687 solum
284 1655 389 1686 actus
413 1654 450 1686 et
478 1662 594 1695 opera
621 1653 853 1693 detestanda,
871 1662 1003 1686 verum
1034 1655 1149 1688 etiam
1175 1656 1375 1697 repentina
1398 1656 1513 1689 verba
1544 1657 1684 1689 terram
1708 1666 1776 1689 sua

137 1709 317 1743 foeditate
334 1708 621 1749 commaculant,
639 1709 737 1742 roris
753 1709 938 1742 beneficia
953 1709 1179 1743 subtrahunt
1196 1713 1233 1744 et
1250 1711 1349 1744 aeris
1371 1712 1544 1744 inficiunt
1571 1712 1776 1753 puritatem

136 1773 179 1798 ac
196 1765 284 1798 fidei
302 1766 452 1797 nostrae
479 1765 739 1797 confusionem
756 1764 940 1797 inducunt
957 1775 965 1805 3
991 1766 1042 1805 et,
1061 1765 1149 1798 licet
1167 1765 1397 1799 delatoribus
1411 1765 1626 1808 hujusmodi
1643 1769 1682 1801 et
1698 1769 1776 1801 tam

135 1820 291 1854 infausti
308 1820 541 1853 nunciationi
558 1820 734 1860 rumoris,
753 1828 836 1853 eam
851 1820 977 1862 potius
1002 1829 1048 1854 ex
1060 1820 1179 1854 livore
1196 1821 1360 1855 invidiae
1384 1820 1443 1855 vel
1468 1821 1545 1854 odii
1559 1823 1691 1856 fomite
1708 1825 1774 1857 aut

135 1875 350 1918 cupiditatis
382 1875 509 1908 radice
542 1884 654 1916 quam
676 1884 722 1908 ex
746 1876 897 1909 fervore
922 1875 1023 1916 fidei,
1048 1875 1127 1908 zelo
1151 1876 1321 1917 justitiae
1349 1878 1414 1910 aut
1438 1877 1606 1911 caritatis
1637 1879 1774 1912 affectu

134 1931 340 1973 procedere
358 1931 603 1972 suspicantes,
623 1930 684 1962 vix
703 1931 748 1963 ab
774 1931 883 1963 initio
895 1931 1068 1964 animum
1085 1931 1269 1965 inclinare
1286 1941 1493 1974 possemus,
1512 1933 1773 1976 multiplicatis

134 1987 259 2019 tamen
276 1985 509 2019 delatoribus
527 1994 570 2018 ac
595 1986 925 2019 denuntiatoribus
951 1986 1176 2028 supradictis
1207 1996 1250 2020 ac
1278 1987 1531 2021 invalescente
1556 1988 1714 2023 infamia
1737 1992 1775 2023 et

133 2050 180 2075 ex
196 2041 564 2083 praesumptionibus
594 2051 667 2074 non
696 2041 854 2081 levibus,
879 2042 945 2074 sed
973 2041 1156 2084 legitimis
1181 2043 1414 2085 argumentis
1443 2044 1481 2076 et
1511 2038 1773 2085 probabilibus

134 2097 374 2137 conjecturis,
403 2096 570 2129 violenta
594 2097 902 2139 praesumptione
930 2099 968 2130 et
996 2098 1210 2139 suspicione
1235 2100 1416 2140 concepta
1432 2099 1479 2132 ad
1504 2099 1774 2142 indagandum,

106 2157 109 2160 ’
133 2150 354 2194 praehabito
394 2160 508 2194 super
535 2151 607 2185 hoo
635 2161 720 2185 cum
751 2152 986 2185 sanctissimo
1020 2154 1129 2194 patre
1156 2153 1193 2185 in
1219 2154 1381 2186 Domino
1411 2154 1615 2195 Clemente,
1648 2155 1777 2189 divina

133 2207 371 2250 providentia
393 2208 655 2240 sacrosanctae
683 2208 878 2241 Romanae
905 2217 948 2241 ac
976 2208 1200 2242 universalis
1219 2208 1402 2242 ecclesiae
1419 2219 1564 2242 summo
1581 2211 1772 2252 pontifice,

133 2261 321 2304 colloquio
339 2267 375 2296 et
390 2262 565 2306 diligenti
583 2263 758 2303 tractatu,
780 2272 823 2296 ac
840 2273 924 2296 cum
941 2263 1122 2305 praelatis
1136 2265 1173 2297 et
1197 2265 1401 2298 baronibus
1425 2266 1562 2298 nostris
1590 2265 1775 2300 delibera-

132 2318 234 2351 tione
273 2317 421 2350 consilii
462 2317 658 2360 plenioris,
699 2319 867 2360 cepimus
899 2318 1103 2361 diligenter
1128 2319 1326 2353 intendere
1367 2320 1498 2353 modos
1537 2321 1772 2362 exquirendo

135 2372 317 2415 perutiles
337 2374 375 2406 et
400 2382 468 2415 per
495 2374 574 2406 vias
606 2373 813 2407 incedendo
840 2373 1023 2414 salubres,
1043 2374 1178 2416 quibus
1194 2376 1321 2417 posset
1337 2373 1500 2408 lucidius
1516 2376 1554 2408 in
1572 2375 1642 2409 hac
1667 2377 1775 2418 parte

131 2429 270 2462 veritas
301 2429 542 2471 reperiri3et
573 2431 711 2470 quanto
740 2429 900 2471 amplius
926 2431 1038 2472 atque
1070 2431 1294 2472 profundius
1327 2430 1542 2473 hujusmodi
1573 2432 1772 2474 negotium

131 2484 376 2523 tractabatur,
395 2485 498 2516 tanto
516 2484 631 2517 effoso
649 2484 793 2526 pariete
814 2485 1113 2518 abominationes
1131 2485 1344 2518 invenimus
1361 2486 1570 2528 graviores.

178 2539 285 2573 Unde
321 2549 400 2579 nos,
430 2540 493 2581 qui
526 2540 571 2572 ad
604 2540 862 2573 defensionem
890 2541 977 2574 fidei
1013 2542 1052 2574 et
1081 2541 1358 2575 ecclesiasticae
1383 2540 1572 2575 libertatis
1597 2551 1725 2575 sumus
1752 2550 1775 2574 a

135 2595 294 2628 Domino
312 2604 425 2637 super
438 2594 580 2637 regalis
597 2595 826 2628 eminentiae
839 2595 992 2637 specula
1009 2596 1205 2629 constituti
1221 2598 1257 2629 et
1274 2605 1365 2638 prae
1383 2597 1528 2629 cunctis
1545 2597 1774 2630 desiderabi-

134 2650 233 2683 libus
246 2651 382 2684 mentis
407 2652 557 2683 nostrae
575 2651 821 2692 augmentum
851 2650 1059 2684 catholicae
1084 2651 1171 2684 fidei
1196 2652 1428 2691 affectamus,
1446 2661 1514 2694 per
1537 2651 1717 2685 dilectum
1734 2653 1774 2686 in

137 2705 284 2738 Christo
315 2706 472 2738 fratrem
496 2704 755 2749 G[ulielmum]
784 2706 829 2739 de
847 2706 1030 2746 Parisius‚
1050 2707 1312 2747 inquisitorem
1336 2707 1552 2740 haereticae
1577 2708 1774 2750 pravitatis

135 2760 364 2793 authoritate
392 2760 597 2802 apostolica
613 2760 848 2801 deputatum,
874 2771 986 2803 super
1014 2762 1231 2804 praemissis
1259 2762 1415 2795 infamia
1440 2762 1591 2804 publica
1607 2764 1773 2795 referen-

135 2816 222 2854 tem,
241 2815 417 2858 diligenti
435 2816 702 2849 informatione
724 2817 945 2858 praehabita
961 2819 999 2850 et
1016 2820 1091 2850 tam
1113 2826 1158 2850 ex
1192 2818 1459 2851 informatione
1484 2819 1566 2860 ipsa
1589 2827 1700 2859 quam
1727 2827 1774 2850 ex

136 2870 217 2903 aliis
234 2872 393 2904 diversis
410 2871 793 2913 praesumptionibus,
810 2874 1046 2915 argumentis
1071 2872 1253 2915 legitimis
1283 2875 1320 2906 et
1343 2873 1603 2915 probabilibus
1627 2874 1774 2915 conjec-

135 2927 242 2967 turis,
261 2929 393 2960 contra
405 2929 595 2971 praefatos
616 2927 684 2960 Dei
700 2927 787 2961 fidei
805 2930 842 2961 et
867 2930 1023 2963 naturae
1042 2928 1169 2962 hostes
1195 2930 1231 2962 et
1250 2928 1403 2963 humani
1420 2929 1584 2964 foederis
1600 2929 1773 2964 inimicos
