2050 3470
248 299 290 332 68
937 299 1075 334 ANNO
1100 299 1185 333 1312

244 408 482 451 apostolicae,
511 408 766 450 irrefragabili
795 412 832 440 et
859 411 1040 450 perpetuo
1073 409 1235 443 valitura
1266 410 1483 444 sustulimus
1507 413 1711 453 sanctione,
1737 413 1858 455 ipsum

243 463 486 505 prohibitioni
518 466 721 503 perpetuae
747 466 1026 504 supponentes:
1056 464 1262 497 districtius
1294 465 1509 504 inhibendo,
1543 475 1588 499 ne
1613 467 1695 507 quis
1719 467 1860 500 dictum

242 518 411 550 ordinem
428 517 472 549 de
501 521 648 549 caetero
673 518 827 558 intrare,
846 518 903 551 vel
929 519 1010 560 eJus
1034 519 1203 552 habitum
1228 521 1418 562 suscipere
1442 520 1498 553 vel
1521 524 1685 562 portare,
1712 525 1776 555 aut
1791 532 1859 564 pro

243 572 455 614 Templario
472 580 511 605 se
528 580 661 614 gerere
677 575 934 614 praesumeret
948 584 957 614 ;
976 574 1074 615 quod
1091 575 1122 607 si
1140 575 1223 616 quis
1236 578 1366 608 contra
1382 576 1535 615 faceret,
1553 577 1859 610 excommunica-

239 629 352 660 tionis
367 629 578 661 incurreret
594 627 817 660 sententiam
830 629 910 670 ipso
925 629 1023 661 facto
1038 639 1047 670 3
1066 630 1242 664 universa
1259 631 1373 663 etiam
1391 630 1487 663 bona
1503 631 1644 664 ordinis
1659 631 1858 674 praelibati

238 682 465 725 apostolicae
491 682 589 715 sedis
617 681 845 714 ordinationi
873 684 910 716 et
938 683 1174 725 dispositioni
1205 685 1428 718 auctoritate
1450 685 1655 726 apostolica
1685 686 1859 720 duximus

235 736 461 770 reservanda
477 747 486 777 ;
522 735 734 769 inhibentes
764 736 982 777 districtiuS,
1016 747 1062 771 ne
1095 739 1190 780 quis,
1230 739 1498 780 cujuscumque
1535 741 1759 774 conditionis
1797 741 1856 775 vel

236 793 354 824 status
366 792 557 831 existeret,
575 800 615 824 se
631 791 677 824 de
692 791 863 833 personis
875 791 934 825 vel
952 792 1060 825 bonis
1076 792 1291 834 hujusmodi
1314 793 1550 835 aliquatenus
1574 794 1856 834 intromitteret,

235 845 293 878 vel
311 846 411 878 circa
426 854 482 886 ea,
500 846 538 878 in
555 845 829 887 praejudicium
847 846 988 879 ordinis
1008 855 1074 880 seu
1098 847 1353 890 dispositionis
1379 847 1605 890 apostolicae
1636 858 1704 891 per
1731 849 1859 883 sedem

235 901 416 942 eamdem,
433 904 474 933 ut
486 900 752 943 praemittitur,
770 901 977 941 faciendae,
989 901 1131 943 aliquid
1147 903 1302 944 faceret,
1314 904 1511 936 innovaret
1535 903 1594 937 vel
1612 905 1727 937 etiam
1739 905 1857 938 atten-

234 958 354 996 taret3
382 956 626 989 decernentes
650 959 786 988 extunc
802 956 954 989 irritum
972 958 1010 990 et
1035 957 1159 998 inane,
1185 958 1217 990 si
1234 966 1340 991 secus
1357 967 1379 991 a
1407 967 1595 1000 quoquam
1619 959 1782 992 scienter
1796 958 1855 993 vel

233 1011 453 1053 ignoranter
469 1011 672 1052 contigerit
694 1011 883 1043 attentari.

276 1066 330 1098 Ac
341 1065 589 1107 postmodum,
608 1073 654 1097 ne
671 1064 771 1097 dicta
786 1066 895 1106 bona,
914 1075 1009 1107 quae
1033 1067 1173 1100 dudum
1196 1068 1242 1101 ad
1256 1068 1462 1101 subsidium
1485 1069 1625 1101 Terrae
1643 1068 1801 1102 Sanctae
1818 1069 1857 1102 et

231 1120 554 1163 impugnationem
566 1120 806 1152 inimicorum
823 1121 910 1154 fidei
923 1121 1150 1156 christianae
1167 1132 1189 1156 a
1213 1122 1350 1156 Christi
1367 1123 1573 1156 cultoribus
1597 1123 1696 1163 data,
1714 1123 1852 1166 legata,

231 1184 407 1208 concessa
419 1178 457 1208 et
469 1175 652 1217 acquisita
667 1175 832 1217 fuerunt,
851 1176 977 1210 debita
993 1178 1268 1220 gubernatione
1286 1179 1465 1219 carentia,
1480 1180 1671 1220 tamquam
1682 1179 1855 1212 vacantia

231 1231 459 1272 deperirent,
473 1230 531 1264 vel
549 1232 857 1264 converterentur
869 1232 909 1264 in
925 1241 1014 1265 usus
1031 1232 1124 1265 alios
1143 1242 1254 1274 quam
1278 1234 1317 1266 in
1333 1233 1432 1276 illos,
1449 1234 1495 1267 ad
1520 1243 1612 1275 quos
1625 1234 1776 1267 fuerant
1791 1234 1855 1276 pia

231 1285 426 1319 devotione
451 1285 619 1318 fidelium
636 1285 824 1327 deputata,
842 1287 901 1320 vel
917 1289 1072 1329 propter
1087 1288 1304 1321 tarditatem
1321 1289 1567 1322 ordinationis
1584 1290 1622 1322 et
1641 1288 1852 1331 dispositio-

229 1341 287 1374 nis
321 1340 536 1382 huJusmodi
567 1349 698 1374 eorum
724 1341 928 1375 destructio
953 1342 1012 1376 vel
1040 1342 1259 1385 dilapidatio
1287 1346 1535 1386 sequeretur3
1566 1353 1651 1377 cum
1673 1344 1854 1378 fratribus

230 1397 368 1430 nostris
406 1400 556 1430 sanctae
584 1397 778 1430 Romanae
806 1396 987 1430 eeclesiae
1017 1397 1270 1431 cardinalibus
1299 1408 1443 1432 necnon
1469 1398 1706 1441 patriarchis,
1731 1398 1852 1432 archi-

229 1453 426 1495 episcopis,
455 1452 640 1494 episcopis
671 1455 708 1486 et
731 1451 910 1495 praelatis
937 1461 980 1485 ac
1015 1453 1129 1485 etiam
1160 1462 1244 1486 eum
1279 1452 1469 1486 nonnullis
1508 1453 1778 1487 excellentibus
1813 1455 1855 1488 et

228 1507 437 1541 illustribus
453 1508 635 1550 personis,
654 1517 738 1541 cum
753 1507 987 1549 reliquorum
1003 1517 1151 1550 quoque
1175 1509 1385 1541 absentium
1408 1508 1663 1550 praelatorum
1675 1510 1714 1542 et
1736 1509 1851 1543 etiam

228 1562 478 1605 capitulorum
494 1565 532 1596 et
547 1565 808 1602 conventuum,
827 1562 1073 1596 ecclesiarum
1096 1565 1133 1596 et
1149 1564 1465 1597 monasteriorum
1488 1565 1794 1605 procuratoribus
1809 1565 1849 1598 in

228 1618 327 1651 dicto
363 1617 522 1651 concilio
558 1618 783 1658 constitutis,
819 1617 1017 1651 habuimus
1049 1618 1177 1659 ardua,
1206 1628 1356 1652 morosa
1393 1619 1431 1652 et
1454 1618 1602 1652 diversa
1622 1619 1784 1654 concilia
1812 1621 1851 1653 et

226 1674 419 1713 tractatus,
447 1674 489 1705 ut
504 1681 572 1715 per
587 1672 800 1714 hujusmodi
818 1672 1064 1706 conciliorum
1089 1675 1128 1707 et
1150 1675 1378 1707 tractatuum
1409 1673 1721 1708 deliberationem
1743 1682 1850 1715 prae-

226 1728 393 1761 habitam
408 1727 641 1770 diligentem,
667 1729 854 1761 dictorum
880 1729 1064 1761 bonorum
1096 1729 1282 1762 ordinatio
1306 1730 1344 1761 et
1367 1728 1575 1770 dispositio,
1601 1728 1648 1761 ad
1667 1727 1850 1761 honorem

226 1783 309 1824 Dei,
324 1786 567 1826 augmentum
579 1783 679 1823 fidei,
694 1782 961 1816 exaltationem
974 1783 1168 1824 ecclesiae,
1184 1784 1307 1816 dictae
1320 1785 1445 1816 terrae
1459 1782 1678 1822 subsidium,
1690 1782 1850 1816 salutem

226 1848 372 1880 quoque
404 1838 571 1871 fidelium
609 1840 647 1870 et
670 1839 848 1879 quietem,
877 1837 1040 1871 salubris
1065 1841 1102 1871 et
1125 1838 1229 1871 utilis
1256 1839 1482 1881 perveniret.
1516 1837 1683 1879 Postque
1715 1838 1847 1879 utique

224 1892 349 1935 longa,
374 1893 657 1934 praemeditata,
682 1894 832 1934 provisa
855 1896 892 1926 et
918 1896 1066 1926 matura
1089 1893 1261 1932 concilia,
1289 1893 1531 1926 suadentibus
1548 1892 1722 1934 plurimis
1737 1893 1848 1934 J'ustis

224 1949 357 1987 causis,
376 1951 504 1981 nostra
517 1950 554 1981 et
567 1948 753 1980 dictorum
769 1949 941 1988 fratrum,
960 1957 1105 1981 necnon
1121 1948 1434 1990 patriarcharum,
1463 1947 1844 1989 archiepiscoporum,

225 2005 485 2045 episcoporum
503 2005 539 2036 et
552 2002 712 2035 aliorum
725 2002 979 2044 praelatorum
992 2012 1035 2036 ac
1051 2003 1317 2036 excellentium
1334 2005 1372 2036 et
1383 2002 1589 2035 illustrium
1601 2010 1847 2044 personarum

223 2059 501 2100 praedictorum
517 2058 556 2090 in
572 2058 672 2090 dicto
689 2057 849 2090 concilio
878 2060 967 2091 tunc
990 2059 1246 2100 praesentium
1267 2057 1558 2091 deliberationes
1574 2058 1619 2099 et
1631 2056 1791 2090 concilia
1806 2057 1845 2089 in

223 2113 294 2146 hoc
307 2113 471 2146 finaliter
483 2113 713 2153 resederent,
728 2115 768 2146 ut
785 2113 978 2155 praedicta
1002 2114 1099 2147 bona
1116 2113 1239 2146 ordini
1264 2112 1471 2155 Hospitalis
1484 2112 1519 2144 S.
1537 2112 1694 2145 Joannis
1719 2111 1846 2145 Hiero-

223 2168 437 2210 solymitani
450 2169 488 2201 et
503 2168 574 2210 ipsi
600 2167 801 2210 Hospitali,
821 2177 862 2201 ac
887 2167 1034 2201 dilectis
1061 2167 1150 2201 filiis
1167 2169 1348 2211 magistro
1373 2169 1411 2201 et
1433 2167 1614 2200 fratribus
1638 2166 1846 2209 Hospitalis

223 2224 403 2265 ejusdem,
437 2224 588 2256 nomine
616 2222 821 2265 Hospitalis
849 2225 887 2256 et
923 2223 1065 2256 ordinis
1095 2224 1324 2263 eorumdem,
1358 2223 1422 2264 qui
1448 2224 1640 2263 tamquam
1680 2221 1846 2255 athletae

224 2278 374 2311 Domini
390 2287 458 2321 pro
475 2278 692 2311 defensione
710 2278 798 2311 fidei
830 2287 870 2311 se
900 2278 1080 2320 periculis
1103 2279 1235 2311 mortis
1250 2278 1394 2321 jugiter
1417 2278 1659 2319 exponentes,
1687 2285 1847 2310 onerosa

222 2334 334 2367 nimis
350 2335 388 2367 et
401 2333 614 2375 periculosa
636 2333 832 2375 dispendia
854 2333 1031 2367 continue
1047 2334 1245 2376 perferunt
1267 2333 1307 2366 in
1323 2333 1494 2376 partibus
1511 2331 1786 2373 transmarinis,
1804 2332 1844 2364 in

222 2390 446 2432 perpetuum
458 2389 670 2422 unirentur.

264 2444 341 2477 Nos
354 2444 472 2486 igitur
489 2444 587 2476 inter
603 2444 753 2476 caetera
769 2443 898 2475 mundi
914 2443 1009 2483 loca,
1027 2444 1066 2476 in
1083 2444 1217 2485 quibus
1234 2443 1366 2486 vigere
1382 2442 1617 2485 dignoscitur
1640 2441 1841 2474 observan-

222 2499 275 2531 tia
291 2498 490 2541 regularis,
509 2499 650 2531 dictum
667 2498 837 2530 ordinem
851 2497 1057 2540 Hospitalis
1074 2500 1112 2531 et
1128 2499 1251 2540 ipsum
1268 2496 1464 2539 Hospitale
1490 2497 1658 2529 sincerae
1673 2496 1841 2529 caritatis

220 2553 454 2595 plenitudine
483 2554 765 2595 prosequentes,
798 2562 840 2586 ac
870 2553 1106 2586 attendentes
1133 2553 1244 2594 quod,
1274 2553 1370 2585 sicut
1393 2551 1582 2585 evidentia
1607 2551 1698 2584 facti
1728 2551 1768 2583 in
1795 2559 1841 2584 eo

221 2609 356 2641 divinis
373 2608 563 2649 obsequiis
575 2609 766 2640 ferventer
782 2608 980 2647 insistitur,
998 2608 1150 2649 pietatis
1167 2609 1205 2641 et
1220 2607 1502 2640 misericordiae
1519 2614 1634 2647 opera
1649 2604 1842 2648 vigilanti-

221 2663 288 2696 bus
306 2663 438 2696 studiis
455 2666 712 2703 excercentur,
729 2664 867 2696 fratres
885 2662 1092 2704 Hospitalis
1109 2663 1239 2705 ipsius,
1267 2662 1464 2695 mundanis
1481 2661 1618 2702 spretis
1633 2659 1838 2701 illecebris,

219 2718 394 2751 devotum
431 2717 690 2759 impendentes
724 2717 916 2751 Altissimo
940 2717 1173 2757 famulatum,
1214 2727 1257 2750 ac
1283 2727 1352 2759 pro
1390 2715 1676 2758 recuperatione
1714 2715 1839 2747 terrae

219 2773 421 2814 predictae,
440 2774 630 2812 tamquam
653 2771 832 2813 intrepidi
851 2771 990 2804 Christi
1007 2771 1168 2813 pugiles,
1186 2771 1418 2804 ferventibus
1435 2769 1569 2802 studiis
1585 2769 1624 2802 et
1639 2767 1837 2801 desideriis

219 2827 465 2866 intendenteS,
481 2827 670 2868 quaelibet
686 2827 824 2860 ducunt
837 2827 1001 2860 humana
1016 2826 1186 2869 pericula
1200 2827 1240 2859 in
1256 2827 1511 2868 contemptum
1525 2835 1534 2866 3
1553 2823 1834 2857 considerantes

218 2890 364 2922 quoque
377 2882 474 2922 quod
492 2891 539 2914 ex
555 2882 625 2914 hoc
641 2884 745 2915 tanto
763 2882 979 2915 eorumdem
994 2882 1167 2925 magistri
1183 2883 1222 2915 et
1243 2883 1405 2915 fratrum
1427 2880 1613 2912 dictorum
1637 2877 1779 2911 ordinis
1796 2880 1836 2911 et

217 2935 423 2977 Hospitalis
450 2939 593 2969 crescet
619 2937 833 2976 strenuitas,
859 2937 1069 2970 animorum
1091 2937 1218 2970 fervor
1241 2937 1442 2979 augebitur
1473 2935 1512 2968 et
1537 2935 1706 2976 ipsorum
1728 2933 1836 2966 robo-

215 2991 361 3024 rabitur
394 2991 574 3024 fortitudo
614 2991 660 3025 ad
694 2990 964 3034 propulsandas
999 2991 1118 3025 nostri
1155 2991 1421 3035 Redemptoris
1455 2989 1613 3032 injurias
1645 2988 1684 3022 et
1706 2987 1834 3022 hostes
