2050 3470
256 295 318 327 150
816 292 952 328 ANNO
979 291 1074 334 1374,
1101 293 1197 333 1375,
1225 292 1308 326 1384

898 473 998 516 104
1037 466 1224 531 (22:31³).

318 616 422 656 1372<l
460 624 514 656 en
547 617 666 661 1375,
709 608 996 654 Gelam-land.
1034 609 1369 667 Aanteekening
1435 623 1517 654 van
1559 609 1876 655 Slichtenhorst

257 695 358 724 over
379 681 429 724 de
454 682 638 723 Dansers
662 680 704 722 in
725 679 797 722 dat
821 681 1004 735 gewest.

299 774 353 816 Op
371 774 425 806 dit
438 773 549 817 [1375]
564 774 658 806 ende
677 773 702 806 ’t
717 773 915 807 verleeden
939 774 1021 815 J'aer
1037 774 1154 806 wierd
1171 782 1255 807 men
1273 774 1312 806 in
1330 782 1435 807 mans
1459 782 1506 807 θη
1523 781 1699 806 vrouwen
1724 781 1879 815 gewaer

255 839 322 862 cen
339 828 532 871 kluclitigo
550 828 781 871 dolligheyd,
800 829 859 862 die
873 830 972 862 eerst
996 828 1222 862 Gelderland
1248 838 1293 862 en
1319 828 1465 869 Gulieh,
1485 829 1625 862 daerna
1642 828 1715 861 ook
1734 829 1881 871 Duyts-

255 885 339 918 land
358 886 434 918 met
449 885 654 926 Vrankrijk
669 884 850 927 bevingh.

298 942 380 974 Men
408 940 501 983 zagh
529 940 755 981 manluyden
787 949 833 972 en
864 940 997 981 wijven
1025 940 1120 973 twee
1145 948 1191 973 en
1220 940 1315 972 twee
1347 940 1442 972 ende
1470 939 1628 972 t’elkens
1662 947 1732 972 een
1758 938 1882 972 alleen

256 997 426 1035 danssen‚
455 996 601 1038 singen,
634 994 821 1037 huppelen
857 1004 903 1028 en
932 994 1201 1028 malkanderen
1234 994 1459 1036 vriendelijk
1495 1003 1697 1027 omarmen.
1729 993 1833 1026 Maar
1856 994 1883 1027 ’t

256 1051 442 1084 vreemdst
458 1060 527 1083 van
544 1050 643 1083 allen
660 1059 747 1090 was,
767 1050 830 1082 dat
856 1050 901 1083 de
919 1050 1093 1083 vreemde
1110 1059 1181 1082 van
1199 1050 1243 1083 de
1256 1050 1444 1089 vreemde,
1463 1058 1533 1082 aen
1550 1058 1668 1082 eenen
1682 1048 1788 1082 euvel
1801 1049 1884 1081 vast

255 1106 496 1148 zijnde,niets
514 1106 647 1138 anders
664 1115 709 1138 en
737 1105 903 1138 wierden
932 1105 1217 1147 aengesproken
1246 1105 1322 1138 oste
1355 1104 1523 1138 omhelsd
1547 1105 1641 1137 ende
1670 1104 1777 1137 d'een
1808 1112 1880 1137 van

256 1162 408 1194 d'ander
430 1162 553 1195 zuster
576 1170 622 1194 en
650 1160 810 1194 broeder
833 1160 1031 1203 geheeten‚
1050 1160 1147 1193 alsof
1170 1160 1212 1201 zij
1240 1160 1330 1203 lang
1354 1159 1470 1193 onder
1495 1168 1565 1193 een
1582 1159 1729 1193 hadden
1746 1159 1880 1192 kennis

257 1216 393 1260 gehad.

603 1278 650 1310 A.
685 1285 755 1309 van
793 1276 1082 1316 Slichtenhorst‚
1124 1275 1315 1310 Geldersse
1356 1275 1689 1317 Geschz'edenissen,
1723 1276 1793 1310 blz.
1820 1276 1883 1310 157

649 1331 923 1374 (folio-uitgave
938 1341 1007 1365 van
1020 1332 1117 1374 1654)
1132 1343 1140 1373 ς
1166 1332 1400 1375 aangehaald
1418 1333 1511 1365 door
1535 1332 1756 1366 Constanter
1772 1333 1811 1366 in
1828 1331 1883 1366 De

647 1385 893 1428 Navorscher,
910 1387 963 1419 42¹⁸
974 1388 985 1429 j
992 1396 1172 1431 aargang,
1188 1387 1256 1420 blz.
1275 1387 1317 1421 89
1333 1387 1458 1429 (1854).

905 1535 1007 1580 105
1041 1529 1242 1594 (235128).

324 1667 439 1710 Vo'o'r
463 1669 581 1716 1384,
604 1666 839 1709 Deventer.
861 1664 1100 1709 Uittreksel
1133 1665 1197 1708 uit
1218 1665 1293 1708 het
1328 1662 1581 1710 Chronicon
1616 1664 1878 1710 Windeshe-

258 1749 410 1780 mense
441 1749 524 1779 van
547 1735 768 1778 Johannes
787 1734 996 1778 Buschius
1015 1733 1066 1787 (†
1101 1734 1233 1786 1471)
1257 1746 1362 1777 over
1393 1735 1443 1777 de
1477 1734 1763 1791 predikingen
1795 1749 1881 1779 van

257 1805 390 1847 Geert
406 1803 566 1846 Groote
586 1803 638 1859 (†
682 1803 812 1859 1384)
846 1803 995 1846 aldaar
1031 1806 1095 1846 tot
1128 1802 1411 1859 verdediging
1454 1802 1531 1845 der
1575 1802 1785 1846 Broeders
1826 1816 1880 1845 en

258 1875 435 1916 Zusters
456 1886 539 1916 van
559 1873 635 1916 het
652 1886 858 1928 gemeene
880 1873 1005 1915 leven
1029 1875 1160 1928 tegen
1194 1872 1244 1915 de
1269 1871 1539 1927 verdenking
1562 1885 1645 1914 van
1683 1871 1876 1930 ketterij.

257 1943 375 1985 —De
392 1941 750 1985 bedelmonniken
773 1941 1046 1994 beweerden,
1062 1941 1136 1985 dat
1153 1941 1255 1984 deze
1273 1940 1487 1984 Broeders
1509 1955 1561 1984 en
1582 1942 1757 1984 Zusters
1775 1942 1880 1984 door

257 2011 452 2055 Clemens
476 2014 515 2056 V
539 2010 817 2054 veroordeeld
841 2025 1015 2062 waren;
1052 2024 1170 2054 maai·
1201 2011 1333 2054 Geert
1366 2010 1526 2054 Groote
1557 2010 1757 2066 predikte
1789 2024 1879 2054 ser-

257 2094 437 2123 moenen
462 2081 505 2123 in
528 2081 558 2123 ‘t
580 2079 814 2136 openbaar,
846 2080 1012 2123 waarin
1039 2079 1097 2136 hij
1124 2079 1307 2131 bewees,
1336 2079 1409 2123 dat
1433 2079 1578 2122 hunne
1601 2080 1878 2138 levenswijze

256 2150 588 2193 overeenkwam
610 2155 695 2193 met
717 2149 785 2192 die
817 2149 895 2192 der
913 2152 1053 2192 eerste
1073 2149 1330 2192 Christenen
1349 2162 1402 2191 en
1426 2148 1630 2204 geenzins
1653 2148 1878 2192 kettersch

259 2233 348 2262 was
369 2219 512 2262 zooals
536 2219 602 2261 die
625 2218 701 2261 der
720 2217 1025 2262 veroordeelde
1042 2218 1251 2275 Begijnen
1276 2231 1330 2260 en
1349 2217 1621 2274 Beggarden.
1636 2216 1740 2274 (Ter
1757 2218 1878 2273 loops

255 2288 430 2332 worden
466 2288 692 2344 gedeelten
717 2301 800 2330 van
839 2287 983 2330 bullen
1018 2301 1101 2329 van
1125 2287 1322 2330 Clemens
1347 2287 1387 2329 V
1419 2300 1470 2329 en
1495 2286 1717 2330 Johannes
1744 2287 1876 2330 XXII

254 2357 555 2413 medegedeeld
593 2370 647 2399 en
684 2355 941 2412 besproken,
986 2357 1161 2399 evenals
1205 2369 1284 2399 een
1310 2355 1540 2399 uittreksel
1566 2354 1628 2399 uit
1649 2356 1872 2400 Johannes

256 2426 468 2483 Andree.)

297 2512 350 2545 De
387 2511 566 2555 fratribus
602 2510 898 2544 mendicantibus
934 2520 1170 2544 communem
1203 2510 1318 2543 vitam
1352 2508 1621 2543 modernorum
1659 2509 1877 2544 devotorum

254 2566 450 2610 reprobare
466 2566 694 2607 conantibus,
711 2565 776 2599 sed
791 2576 814 2599 α
830 2567 1007 2609 magistro
1027 2564 1195 2599 Gerardo
1213 2565 1352 2608 Mayno
1374 2564 1516 2608 publice
1541 2566 1723 2599 convictis.

299 2623 450 2656 Devotis
484 2622 602 2665 igitur
639 2622 870 2664 presbyteris
898 2623 935 2655 et
959 2621 1107 2654 clericis
1135 2622 1173 2653 in
1200 2621 1308 2653 domo
1341 2620 1483 2653 domini
1514 2620 1704 2654 Floreneii
1734 2622 1877 2655 Daven-

256 2678 328 2710 trie
345 2677 455 2710 simul
480 2677 800 2710 commanentibus
827 2685 971 2709 necnon
999 2678 1036 2709 el:
1064 2676 1285 2717 quibusdam
1302 2676 1492 2708 sororibus
1506 2676 1544 2708 in
1569 2676 1677 2708 domo
1704 2677 1877 2719 magistri

256 2732 411 2765 Gerardi
437 2732 517 2764 sine
548 2732 700 2774 proprio
728 2732 767 2763 in
788 2731 975 2764 communi
1007 2731 1217 2764 viventibus
1249 2740 1291 2764 ao
1324 2731 1400 2763 Deo
1426 2730 1588 2763 creatori
1619 2740 1685 2763 suo
1715 2730 1879 2764 fideliter

256 2787 515 2826 servientibus,
534 2787 671 2819 fratres
689 2786 840 2828 quidam
858 2786 1000 2818 ordinis
1017 2786 1310 2819 mendicantium
1334 2785 1466 2828 regule
1491 2786 1528 2818 et
1555 2785 1798 2827 professionis
1812 2794 1878 2819 sue

253 2844 547 2884 transgressores
564 2842 678 2874 vitam
694 2850 823 2874 eorum
853 2842 1019 2874 sanctam
1042 2841 1253 2883 presertim,
1284 2841 1383 2882 quod
1411 2840 1450 2873 in
1475 2840 1661 2873 communi
1686 2840 1873 2881 vivebant,

254 2896 402 2938 publice
420 2897 642 2939 impugnare
659 2898 697 2929 et
708 2896 885 2938 privatim
900 2897 1131 2939 redarguere
1145 2906 1218 2929 non
1235 2896 1443 2935 cessabant,
1462 2896 1500 2928 et
1523 2895 1621 2937 quod
1646 2896 1691 2928 ab
1717 2895 1876 2929 ecclesia

255 2952 324 2985 Dei
341 2952 378 2984 in
396 2952 638 2985 clementinis
655 2952 794 2985 dudum
810 2953 1011 2994 reprobata
1027 2953 1064 2986 et
1082 2951 1395 2986 anathematizata
1408 2951 1553 2991 fuisset,
1577 2950 1704 2984 multis
1720 2951 1872 2986 rationi-

255 3010 322 3043 bus
335 3011 459 3043 conati
476 3010 562 3043 sunt
577 3010 847 3043 demonstrare.
