2050 3470
773 216 841 252 AN
845 215 911 252 ΝΟ
937 215 1022 250 1424
1646 213 1707 246 261

72 331 167 366 alias
182 329 437 375 dogmatizare
450 329 745 373 presumpserat,
764 328 974 369 accusatus,
993 327 1031 362 et
1054 327 1205 361 demum
1221 326 1431 367 conuictus,
1460 334 1508 360 ex
1536 325 1708 360 commis-

72 387 178 421 sione
194 387 335 426 nostra,
353 386 434 428 ipso
449 385 681 428 approbante
698 383 873 424 concilio,
893 383 1082 418 sententia
1099 383 1303 416 diffinitiua
1319 383 1452 416 contra
1465 383 1588 424 ipsum
1615 381 1705 422 lata,

71 443 110 477 et
122 442 226 476 certe
252 450 348 484 pene
365 441 489 474 eidem
520 441 559 473 in
587 449 632 474 ea
655 440 824 473 iniuncto
853 442 974 479 fuere,
1003 450 1025 474 a
1048 440 1184 481 quibus
1211 449 1280 482 per
1310 448 1396 472 eum
1420 438 1510 472 licet
1540 438 1708 472 indebite

71 496 273 540 appellato,
292 495 482 530 sententia
499 496 582 538 ipsa
597 496 726 529 extitit
742 496 983 538 postmodum
996 495 1222 528 auctoritate
1240 493 1447 536 apostolica
1471 495 1704 527 confirmata.

70 552 119 586 Et
134 552 421 593 subsequenter,
436 551 614 593 cumipse
631 550 865 584 sentenciam
883 550 1098 583 huiusmodi
1123 551 1160 583 et
1184 550 1222 582 in
1240 559 1285 583 ea
1301 550 1478 583 contenta
1505 548 1639 582 saltem
1667 549 1706 581 in

69 607 198 640 multis
211 606 396 649 passibus,
415 607 452 638 vt
467 607 574 638 nobis
592 608 682 639 tune
698 607 826 639 extitit
839 607 1065 648 expositum,
1083 606 1239 639 minime
1256 606 1508 647 obseruassct,
1526 606 1706 647 quinymo

70 673 144 697 non
157 664 298 705 absque
315 662 438 695 multa
455 663 543 695 fidei
561 662 771 696 orthodoxe
790 663 929 696 iniuria
947 664 984 696 et
1001 662 1206 705 apostolice
1234 662 1333 695 sedis
1350 663 1388 694 et
1414 661 1530 703 ipsius
1555 661 1708 694 concilii

69 718 310 757 contumelia,
338 717 528 750 Creatoris
547 718 667 750 nostri
685 727 727 751 ac
752 717 980 751 uniuersalis
1008 717 1167 751 ecclesie
1198 717 1308 759 graui
1334 716 1538 759 opprobrio
1567 717 1604 749 et
1621 726 1706 749 con-

68 769 413 813 temptu,relapsus
431 771 680 810 assereretur,
699 771 893 812 cupientes
926 779 1076 804 errores
1102 769 1316 803 huiusmodi
1347 778 1389 802 ac
1414 778 1563 802 omnem
1592 769 1707 802 chris-

67 826 162 859 tiani
178 825 308 869 gregis
325 825 546 858 infectiuam
564 825 787 865 doctrinam,
803 834 872 868 per
889 835 982 867 quos
1000 825 1201 867 presertim
1218 825 1256 857 in
1275 824 1344 857 Dei
1359 824 1519 857 ecclesia
1542 824 1580 857 et
1592 823 1708 856 chris-

67 882 170 915 tiano
186 880 326 924 populo
344 881 558 914 sediciones
571 882 608 914 et
626 880 803 914 scandala
820 881 912 913 oriri
940 884 1106 923 possent,
1126 881 1172 914 ab
1204 880 1293 922 ipsis
1322 879 1483 913 ecclesia
1510 881 1548 912 et
1564 879 1703 921 populo

67 937 218 971 abicere
235 937 272 970 ct
288 937 439 979 penitus
456 937 662 978 extirpare,
678 945 720 970 ac
736 937 781 969 de
799 936 880 978 ipso
897 935 1065 976 Nicolao‚
1096 937 1210 978 prout
1226 936 1320 969 iuris
1337 936 1376 969 et
1403 935 1568 969 racionis
1595 935 1704 975 soret,

67 993 232 1026 debitam
256 992 446 1025 iusticiam
474 992 707 1033 ministrare,
746 991 957 1024 venerabili
990 992 1102 1024 fratri
1135 991 1336 1025 Guillelmo
1369 992 1546 1033 episcopo
1571 990 1706 1024 Lausa-

67 1048 187 1089 nensi,
202 1048 241 1081 in
258 1047 364 1080 cuius
389 1046 604 1080 carceribus
621 1047 876 1087 detinebatur,
895 1048 1008 1089 prout
1022 1047 1226 1087 detinetur,
1248 1048 1286 1080 et
1311 1046 1447 1080 dilecto
1466 1046 1544 1079 filio
1573 1046 1705 1080 Orrico

66 1103 113 1137 de
131 1103 328 1143 Torrente,
349 1103 492 1135 ordinis
517 1104 678 1135 fratrum
701 1103 983 1144 predicatorum
1000 1102 1220 1144 professori,
1250 1103 1289 1135 in
1318 1102 1529 1141 Bisuntina,
1561 1103 1708 1135 Lausa-

66 1158 173 1193 nensi
190 1159 228 1192 et
243 1158 358 1191 certis
387 1157 473 1191 aliis
490 1158 709 1191 ciuitatibus
740 1158 778 1191 et
810 1157 1022 1190 diocesibus
1048 1157 1216 1191 heretice
1246 1158 1447 1200 prauitatis
1474 1158 1705 1199 inquisitori,

65 1215 234 1257 ipsorum
251 1213 468 1247 nominibus
487 1223 561 1246 non
578 1213 782 1256 expressis,
798 1214 945 1246 nostras
959 1213 1081 1255 primo
1096 1214 1135 1246 in
1153 1213 1355 1253 communi,
1374 1214 1412 1246 ct
1428 1213 1576 1253 deinde,
1607 1213 1706 1246 vide-

65 1269 155 1303 lieet
170 1268 299 1310 hodie,
313 1268 422 1301 nobis
441 1268 627 1310 exposito,
642 1269 742 1310 quod
760 1268 860 1301 idem
874 1269 1072 1310 episcopus
1090 1268 1192 1301 circa
1209 1277 1267 1309 ea,
1283 1278 1355 1310 quc
1379 1268 1471 1310 ipsis
1499 1277 1613 1310 super
1636 1267 1706 1301 hec

65 1325 386 1363 commiseramus,
416 1324 614 1357 intendere
643 1322 746 1367 [non]
772 1324 901 1365 posset
925 1324 990 1356 aut
1014 1322 1145 1363 nollet,
1175 1323 1298 1356 eidem
1327 1323 1459 1357 Orrico
1489 1323 1705 1365 inquisitori

63 1378 103 1411 in
119 1376 281 1410 solidum
297 1376 390 1410 alias
408 1377 556 1409 nostras
574 1376 785 1410 direximus
810 1375 978 1418 litteras;
994 1385 1150 1417 quarum
1165 1376 1316 1409 tenores
1332 1376 1571 1418 presentibus
1588 1376 1705 1409 inseri

63 1433 233 1467 fecimus.
250 1432 320 1471 Qui
338 1432 427 1465 sunt
447 1431 544 1465 tales
563 1441 570 1464 :
605 1445 621 1459 α
640 1431 827 1464 Martinus
845 1446 877 1473 n,
895 1432 967 1465 etc.
997 1431 1072 1472 (Zie
1100 1440 1191 1464 onze
1220 1437 1272 1464 nrs
1295 1431 1357 1464 147
1385 1440 1431 1465 en
1456 1430 1532 1472 152,
1551 1431 1622 1465 blz.
1639 1431 1705 1465 253

65 1497 113 1523 en
137 1487 231 1530 258.)

106 1544 213 1578 Vnde
228 1552 313 1577 cum
323 1542 586 1577 verisimiliter
599 1543 643 1576 ab
673 1542 866 1585 aliquibus
895 1543 1091 1577 dubitetur
1123 1544 1285 1577 eundem
1314 1544 1577 1586 inquisitorem
1601 1544 1704 1579 nolle

62 1601 191 1634 forsan
207 1598 330 1632 solum
346 1599 384 1631 in
397 1598 592 1641 premissis
605 1598 824 1640 procedere,
843 1599 881 1631 et
894 1598 1065 1632 nolentes
1079 1599 1237 1632 vlterius
1264 1600 1408 1633 tantam
1430 1601 1506 1633 tam
1530 1601 1703 1642 pestiferi

62 1655 329 1698 dampnatique
346 1654 417 1687 viri
432 1654 645 1696 nequiciam
663 1653 858 1694 tollerare,
873 1655 1107 1688 fraternitati
1125 1656 1200 1695 tue,
1220 1664 1293 1697 que
1309 1655 1348 1688 in
1361 1657 1508 1698 partem
1522 1656 1702 1691 sollicitu-

61 1711 160 1745 dinis
176 1711 234 1744 est
246 1710 449 1752 assumpta,
465 1710 503 1743 et
533 1709 640 1742 euius
668 1709 771 1742 velut
800 1709 961 1743 ecclesie
990 1710 1061 1743 Dei
1090 1709 1314 1744 honorabile
1345 1712 1557 1745 membrum
1581 1712 1701 1746 eciam

59 1767 219 1800 interest
234 1765 402 1804 hereses,
420 1773 570 1798 errores
585 1765 623 1797 et
646 1765 859 1797 doctrinam
877 1766 1046 1807 prefatos
1075 1766 1226 1799 abicere
1254 1767 1293 1799 et
1316 1767 1466 1808 penitus
1494 1768 1699 1810 extirpare,

59 1831 128 1865 per
145 1821 355 1864 apostolica
371 1820 512 1862 scripta
530 1820 801 1853 committimus
816 1821 854 1853 et
870 1821 1092 1854 mandamus
1109 1821 1280 1855 districte
1303 1822 1548 1864 precipiendo
1573 1825 1699 1865 quate-

59 1887 141 1918 nus,
159 1877 321 1910 constito
338 1876 408 1909 tibi
425 1876 525 1918 quod
537 1876 659 1909 dictus
683 1876 888 1917 inquisitor
915 1876 955 1908 in
973 1876 1074 1909 dicta
1099 1885 1210 1909 causa
1232 1878 1439 1919 procedere
1471 1878 1638 1912 noluerit
1662 1880 1701 1912 et

59 1944 128 1978 pro
145 1935 252 1977 parte
269 1934 498 1976 promotoris
512 1942 623 1966 cause
648 1933 737 1965 fidei
755 1932 974 1965 huiusmodi
1004 1933 1122 1966 fueris
1147 1934 1366 1975 requisitus,
1391 1943 1539 1967 causam
1567 1934 1699 1968 huius-

60 1990 163 2023 modi
180 1989 227 2023 ad
242 1990 280 2022 te
297 1989 472 2031 adneceS‚
490 1997 603 2030 quam
617 1987 739 2021 eciam
753 1997 799 2021 ex
813 1997 912 2021 nunc
929 1988 1029 2021 dicto
1047 1997 1135 2021 casu
1157 1990 1203 2021 ad
1222 1999 1289 2021 nos
1314 1990 1553 2030 aduocamuS,
1572 1999 1697 2032 quam-

61 2055 134 2089 que
150 2046 275 2080 eidem
287 2045 521 2079 fraternitati
538 2046 602 2078 tue
619 2054 688 2087 per
700 2046 896 2087 presentes
914 2054 999 2078 cum
1013 2045 1113 2077 dicto
1143 2045 1314 2086 Nicolao‚
1348 2054 1493 2079 necnon
1525 2047 1698 2081 omnibus

59 2101 296 2145 processibus
324 2110 452 2134 coram
469 2100 645 2142 episeopo
665 2101 702 2134 et
725 2100 954 2141 inquisitore
971 2101 1130 2142 prefatis
1148 2101 1267 2134 eciam
1293 2101 1445 2134 diuisim
1462 2101 1628 2143 agitatis,
1658 2103 1697 2136 in

59 2167 103 2192 eo
117 2158 217 2190 statu
233 2157 272 2190 in
286 2166 359 2198 quo
374 2156 507 2190 ultimo
525 2164 652 2188 coram
668 2155 760 2197 ipsis
774 2164 839 2188 seu
859 2164 990 2188 eorum
1007 2155 1128 2189 altero
1152 2157 1390 2196 remanserit,
1419 2157 1696 2199 resumendam,

58 2213 351 2247 continuandam
375 2213 413 2245 et
427 2212 502 2245 fine
527 2211 653 2244 debito
679 2211 955 2245 terminandam
980 2212 1210 2245 remittimus
1233 2220 1277 2245 ac
1300 2212 1570 2245 committimus
1598 2223 1696 2246 sum-

57 2269 190 2309 marie,
205 2267 434 2310 simpliciter
448 2272 486 2300 et
499 2268 545 2300 de
558 2266 672 2309 plano
686 2267 794 2300 iuxta
810 2268 980 2300 tenorem
998 2268 1297 2309 preinsertarum
1314 2269 1529 2301 nostrarum
1546 2268 1695 2302 littera-

56 2333 154 2366 rum,
169 2324 314 2363 audias,
334 2323 485 2356 decidas
502 2324 541 2356 et
557 2322 632 2355 fine
650 2323 776 2355 debito
795 2322 975 2356 celeriter
991 2323 1184 2363 termines,
1198 2323 1341 2357 faciens
1355 2324 1454 2365 quod
1478 2325 1694 2358 decreueris

57 2389 125 2422 per
156 2388 355 2412 censuram
383 2377 679 2411 ecclesiasticam
697 2378 736 2411 et
753 2377 936 2420 aliajuris
958 2379 1128 2411 remedia
1146 2380 1332 2421 oportuna
1354 2388 1439 2412 cum
1456 2379 1693 2414 invocatione

56 2434 203 2469 brachii
243 2433 425 2468 secularis
461 2434 499 2467 et
533 2441 783 2475 personarum
809 2433 1150 2467 ecclesiasticarum
1182 2434 1458 2468 inuiolabiliter
1483 2436 1692 2470 obseruari.

56 2490 188 2524 Testes
213 2491 339 2524 autem
356 2490 420 2531 qui
436 2489 579 2522 fuerint
592 2489 789 2530 nominati,
804 2489 921 2531 quise
935 2491 1078 2532 gracia,
1097 2490 1182 2523 odio
1197 2490 1254 2523 vel
1272 2490 1407 2524 timore
1421 2492 1691 2533 subtraxerint,

55 2555 214 2580 censura
227 2544 354 2585 simili,
373 2544 629 2587 appellatione
657 2545 844 2586 cessante,
862 2545 1099 2588 compellatis
1124 2546 1276 2579 veritati
1293 2547 1550 2580 testimonium
1566 2547 1691 2589 perhi-

55 2601 156 2635 bere.
176 2601 261 2634 Non
279 2600 516 2634 obstantibus
549 2600 722 2633 omnibus
746 2599 834 2639 hiis,
864 2609 937 2642 que
965 2601 1003 2634 in
1028 2602 1208 2643 predictis
1240 2602 1380 2635 litteris
1403 2602 1590 2635 voluimus
1616 2611 1689 2636 non

53 2656 216 2689 obstare.

96 2711 234 2744 Datum
246 2710 381 2752 Rome,
401 2710 500 2753 apud
515 2711 687 2744 sanctum
710 2710 881 2752 Petrum,
910 2711 1032 2745 XVII.
1059 2711 1239 2745 kalendas
1267 2711 1420 2755 Aprilis,
1449 2713 1690 2755 pontificatus

53 2766 170 2800 nostri
188 2775 286 2800 anno
300 2766 474 2809 septimo.

1302 2824 1362 2857 Jo.
1388 2832 1435 2858 na
1460 2825 1576 2857 X'Ano.

403 2881 560 2916 Geheim
579 2882 725 2917 archief
743 2893 812 2917 van
831 2883 895 2918 het
923 2884 1123 2926 Vatikaan,
1140 2884 1348 2927 Reges-tum
1375 2885 1537 2923 CCCLV,
1568 2884 1631 2917 sol.
1665 2886 1686 2918 9

446 2945 554 2969 verso
591 2946 637 2970 en
679 2937 720 2970 lO
737 2949 746 2979 3
789 2938 996 2983 afgedrukt
1030 2938 1079 2982 bij
1112 2938 1287 2979 Cauchie,
1317 2937 1445 2975 Nicolc
1478 2939 1683 2983 Serrzcrier,

455 2990 525 3025 blz.
538 2990 698 3027 333-335.
