2050 3470
765 259 902 294 ANNO
928 259 1013 293 1398
1634 255 1697 290 177

69 371 213 417 scriptis
242 370 504 407 venerabilium
534 370 763 405 dominorum
797 371 833 404 et
866 368 1123 413 magistrorum
1155 367 1192 402 in
1230 367 1371 412 legibus
1405 369 1439 402 et
1470 366 1698 402 decretorum

69 427 269 466 doctorum,
295 438 383 471 quas
412 425 576 469 requisiti
600 424 776 460 dederunt
799 435 893 458 anno
917 423 1216 462 MCCCXGVIIL
1242 422 1336 457 sicut
1362 422 1399 457 in
1424 422 1555 458 litteris
1572 433 1698 458 eorum

70 480 201 525 sigillis
234 481 424 520 roboratis,
458 479 676 519 continetur,
711 478 878 514 videlicet
911 478 1165 522 magistrorum
1199 477 1372 512 Hermani
1406 477 1699 523 Stakelwegghe,

71 536 264 580 praepositi
289 536 323 568 S.
343 535 489 579 Georgii
514 535 551 569 in
570 534 733 576 Colonia,
762 533 938 569 Johannis
959 534 1002 569 de
1027 534 1130 568 Nouo
1155 532 1302 577 Lapide,
1321 532 1487 568 canonici
1511 533 1700 577 Aquensis,

71 591 223 626 Joannis
251 591 338 626 dicti
373 593 463 634 Bau,
493 591 698 626 scholastici
736 590 1022 632 Mechliniensis‚
1051 590 1173 633 legum
1203 588 1372 629 doctoris,
1397 589 1494 624 dom.
1533 589 1699 629 Arnoldi,

71 646 213 681 abbatis
227 645 265 680 in
279 646 522 691 Dikeninglie,
539 646 714 681 Gerliardi
732 647 776 681 de
794 645 1022 694 Gruningen‚
1037 644 1056 679 J
1061 644 1214 679 ohannis
1226 644 1270 679 de
1284 644 1499 684 Vortborch,
1514 644 1701 679 doctorum

73 701 111 736 in
127 702 294 745 decretis,
319 702 504 746 Radulphi
531 702 574 736 de
604 701 708 742 Rivo,
743 700 790 744 (1)
816 699 942 734 decani
972 698 1209 742 Tungrensis,
1237 697 1412 733 l·centiati
1437 697 1474 732 in
1498 697 1651 742 legibus,
1669 700 1705 732 et

71 756 285 791 Telemanni
303 757 440 792 Eckart
456 758 499 792 de
523 757 742 796 Attendorn,
761 755 938 790 licentiati
956 754 993 788 in
1010 754 1164 798 legibus,
1183 753 1443 787 aduocatorum
1458 752 1581 787 curiae
1598 752 1705 787 Colo-

76 811 210 846 niensis
227 825 236 856 3
251 824 334 847 curn
351 823 505 856 quorum
522 811 815 857 responsionibus
841 810 1036 845 concordat
1052 809 1219 843 dominus
1234 811 1270 843 ct
1285 807 1458 852 magister
1476 807 1706 842 Everhardus

75 866 206 908 Foeck‚
225 867 382 902 decanus
401 867 435 902 S.
456 867 655 902 Salvatoris
671 865 927 907 Traiectensis,
944 864 1151 900 licentiatus
1168 865 1206 899 in
1222 866 1377 906 utroque
1390 866 1484 907 jure,
1499 862 1595 898 sicut
1607 864 1705 907 patet

74 923 113 958 in
125 934 205 959 eius
220 923 377 968 scriptis,
395 927 431 959 et
447 924 552 959 multi
568 923 645 958 alii.

339 980 462 1015 Casus.

117 1033 162 1069 In
178 1033 359 1078 aliquibus
376 1034 538 1078 partibus
566 1033 688 1077 plures
713 1042 887 1077 personae
915 1042 951 1066 se
977 1029 1085 1065 simul
1114 1031 1330 1074 receperunt
1354 1028 1400 1064 ad
1425 1026 1709 1063 cohabitandum

75 1089 198 1133 aliquo
210 1090 327 1132 modo,
347 1089 442 1124 sicut
461 1089 585 1124 clerici
603 1089 641 1123 in
660 1099 732 1122 una
749 1088 854 1122 domo
868 1086 905 1121 in
921 1097 993 1130 qua
1009 1086 1121 1121 libros
1138 1096 1203 1129 pro
1220 1084 1337 1128 pretio
1352 1083 1529 1126 scribunt,
1547 1083 1611 1118 alii
1624 1093 1710 1118 vero

77 1156 149 1179 non
172 1144 324 1180 scientes
339 1144 510 1185 scribere,
529 1144 681 1179 scientes
705 1147 827 1178 tamen
861 1153 970 1186 opera
1000 1141 1142 1176 diversa
1170 1139 1396 1180 mechanica,
1431 1150 1522 1183 quae
1544 1138 1712 1173 similiter

77 1203 245 1235 exercent
257 1212 322 1245 pro
339 1201 455 1245 pretio
471 1201 510 1235 in
526 1201 598 1236 alia
611 1201 730 1240 domo,
750 1202 813 1234 aut
828 1198 941 1234 eciam
961 1197 1060 1232 aliud
1078 1197 1216 1232 faciunt
1239 1208 1328 1240 opus
1351 1196 1533 1231 manuale.
1553 1195 1599 1230 Et
1622 1194 1712 1230 istae

76 1265 250 1298 personae
274 1255 442 1290 laborant
466 1255 644 1293 manibus,
674 1260 710 1289 et
737 1253 781 1288 de
808 1253 877 1293 his,
907 1263 998 1295 quae
1030 1251 1214 1286 laboribus
1241 1249 1448 1294 acquirunt,
1481 1249 1538 1285 vel
1567 1250 1612 1285 de
1638 1248 1713 1284 suis

76 1309 245 1354 propriis,
269 1310 298 1345 si
331 1322 422 1354 quae
443 1310 591 1351 habent,
615 1309 755 1349 vivunt,
781 1311 816 1343 et
842 1307 964 1342 omnia
991 1307 1058 1341 sibi
1084 1306 1239 1341 invicem
1268 1317 1333 1350 pro
1358 1307 1496 1350 majore
1519 1304 1714 1340 concordia

75 1365 189 1400 libere
221 1368 501 1407 communicant,
521 1367 577 1401 vel
601 1365 638 1400 in
663 1376 854 1400 commune
878 1365 1031 1408 ponunt,
1062 1362 1256 1397 comedunt
1282 1362 1402 1402 simul,
1429 1365 1464 1397 et
1487 1373 1559 1396 non
1577 1361 1712 1396 mendi-

76 1423 172 1456 cant.
192 1420 335 1457 Habent
352 1421 461 1457 etiam
488 1424 582 1457 inter
602 1433 639 1456 se
655 1432 766 1455 unam
784 1430 974 1464 personam
1000 1419 1166 1463 probam,
1192 1428 1284 1460 quae
1304 1428 1429 1452 curam
1448 1417 1576 1451 domus
1591 1415 1712 1457 habet,

77 1483 182 1520 cujus
197 1477 344 1513 monitis
372 1479 619 1521 acquiescunt,
637 1477 694 1511 vel
723 1475 908 1515 obediunt,
935 1474 1029 1509 sicut
1057 1474 1141 1508 boni
1169 1473 1327 1507 scolares
1350 1471 1536 1517 magistro.
1557 1472 1600 1507 Et
1616 1471 1715 1506 hune

77 1531 225 1566 modum
251 1532 396 1567 vivendi
428 1533 509 1567 ideo
541 1532 680 1567 faciunt
711 1531 769 1566 vel
799 1530 949 1570 ducunt,
976 1532 1017 1564 ut
1047 1540 1089 1564 eo
1111 1528 1334 1563 commodius
1359 1527 1495 1567 vivant,
1515 1530 1550 1562 et
1572 1527 1716 1561 facilius

77 1587 186 1622 simul
201 1589 404 1622 necessaria
428 1588 658 1632 conquirant,
676 1585 929 1631 principaliter
945 1588 1078 1625 autem,
1105 1585 1191 1628 quia
1213 1586 1360 1628 sperant
1386 1582 1437 1617 sic
1461 1582 1616 1617 vivendo
1641 1582 1716 1617 Deo

78 1643 209 1677 melius
224 1644 368 1687 placere
381 1647 417 1678 et
433 1644 487 1678 illi
504 1643 654 1678 servire.

124 1698 177 1733 Ex
194 1699 390 1743 praemisso
407 1698 564 1733 themate
577 1697 765 1743 quaeritur
782 1709 790 1732 :
812 1698 868 1732 An
884 1697 993 1732 liceat
1005 1694 1170 1740 pluribus
1188 1697 1291 1730 extra
1303 1693 1533 1739 religionem,
1547 1692 1656 1728 simul
1678 1692 1715 1727 in

79 1754 208 1789 eadem
238 1754 344 1789 domo
372 1754 593 1794 cohabitare,
633 1756 674 1789 ut
704 1752 867 1788 securius
897 1751 969 1787 Deo
1001 1750 1159 1786 serviant
1192 1753 1228 1785 et
1259 1749 1482 1785 commodius
1513 1749 1650 1791 vivant,
1681 1750 1717 1783 et

78 1809 238 1854 propria,
257 1809 287 1843 si
310 1820 403 1853 quae
429 1809 575 1850 habent,
591 1811 625 1844 et
639 1820 730 1853 quae
747 1807 933 1843 laboribus
958 1807 1165 1850 acquirunt,
1191 1806 1237 1841 ad
1253 1805 1409 1840 invicem
1426 1805 1540 1840 libere
1557 1815 1715 1839 commu-

78 1866 213 1906 nicare,
227 1867 262 1900 et
278 1865 322 1900 de
338 1864 411 1899 illis
426 1865 548 1900 vivere
561 1865 599 1899 in
623 1863 818 1904 communi,
837 1864 924 1899 dum
940 1865 1062 1898 tamen
1093 1874 1165 1897 non
1192 1860 1410 1897 mendicent.
1438 1860 1530 1895 Item
1549 1871 1556 1894 :
1584 1859 1717 1894 Utrum
1747 1895 1751 1906 ¹

79 1931 144 1964 pro
159 1923 320 1965 tempore
336 1921 471 1955 habere
492 1919 629 1964 possint
645 1931 754 1954 unam
774 1919 926 1964 probam
953 1929 1156 1962 personam,
1176 1928 1267 1962 quae
1285 1927 1410 1951 curam
1428 1915 1555 1950 domus
1571 1915 1716 1956 habeat,

79 1975 139 2009 cui
155 1975 289 2019 absque
315 1975 552 2019 promissione
579 1977 643 2010 aut
658 1975 892 2019 obligatione,
916 1974 953 2008 in
974 1973 1074 2008 bonis
1098 1972 1259 2008 consiliis
1286 1974 1350 2006 aut
1378 1971 1524 2006 monitis
1552 1970 1716 2014 acquies-

80 2034 166 2066 cant
180 2031 238 2066 vel
254 2030 458 2066 voluntarie
475 2030 656 2066 obediant.

125 2085 395 2130 Respondetur:
416 2085 583 2121 Primum
599 2088 738 2121 certum
755 2088 820 2126 est,
839 2084 935 2128 quod
952 2095 1046 2119 nova
1061 2082 1193 2128 religio
1211 2083 1263 2118 eis
1279 2082 1498 2127 denegatur:
1518 2081 1717 2125 Extravag.

79 2140 124 2177 de
139 2141 246 2186 relig.
259 2141 356 2177 dom.
374 2141 458 2185 Cap.
479 2141 536 2175 Ne
552 2143 687 2184 nimia,
701 2144 737 2176 et
750 2141 831 2176 cod.
850 2141 922 2175 Tit.
943 2141 982 2174 C.
1002 2140 1114 2174 unico
1134 2139 1192 2173 Di.
1205 2139 1356 2173 re-Item
1371 2148 1438 2173 nec
1454 2137 1541 2172 licet
1553 2136 1718 2180 superio·

80 2208 157 2232 rem
169 2196 303 2241 eligere
319 2199 354 2232 et
369 2208 406 2231 se
425 2196 471 2232 ad
487 2196 730 2232 obedientiam
755 2196 920 2240 obligare
947 2197 983 2230 et
997 2193 1163 2229 habitum
1180 2192 1371 2238 religionis
1389 2203 1570 2228 assumere
1587 2202 1718 2226 secun-

81 2251 169 2286 dum
195 2252 349 2287 formam
373 2262 577 2296 expressam
605 2250 642 2285 in
671 2252 931 2295 extravagante
963 2249 1141 2284 Johannis
1164 2248 1276 2283 XXII
1295 2249 1428 2282 Sancta
1446 2248 1629 2287 Romana,
1647 2248 1715 2282 etc.

83 2306 312 2343 Cessantibus
335 2309 456 2342 autem
485 2306 694 2352 hujusmodi
725 2306 878 2347 illicitis,
907 2305 1051 2340 licitum
1083 2307 1118 2339 et
1148 2303 1376 2339 meritorium
1416 2305 1479 2343 est,
1519 2301 1653 2336 habere
1685 2303 1720 2336 et

81 2373 226 2398 servare
255 2361 463 2406 hujusmodi
498 2362 707 2397 societatem
740 2361 971 2396 caritativam
1001 2363 1037 2396 et
1068 2359 1180 2394 vitam
1207 2358 1390 2398 socialem,
1423 2357 1618 2393 dummodo
1645 2355 1720 2391 suis

82 2418 239 2461 prelatis
256 2419 294 2452 et
310 2419 449 2451 curatis
462 2419 682 2451 reverenter
699 2418 888 2458 obediant,
910 2417 1007 2449 sicut
1025 2415 1090 2449 alii
1104 2415 1192 2448 boni
1210 2414 1418 2447 christiani.
1445 2413 1634 2446 Probatur
1650 2421 1719 2454 per

83 2473 124 2507 L.
140 2473 170 2507 Ι.
185 2472 267 2507 Sed.
292 2472 482 2517 reliyz'onis
497 2474 535 2505 ff.
552 2473 598 2506 de
616 2472 704 2506 coll.
722 2473 800 2512 Illi,
819 2473 883 2505 ubi
908 2473 1081 2505 videatur
1098 2480 1219 2503 casus.
1237 2469 1283 2502 Et
1301 2469 1371 2501 hoc
1389 2477 1565 2510 expresse
1590 2468 1720 2500 dicunt

82 2528 276 2562 Johannes
293 2528 462 2562 Andreas
479 2530 516 2562 et
532 2528 774 2562 Innocentius
791 2527 995 2570 Extravag.
1015 2526 1060 2560 de
1083 2534 1216 2559 eoecess.
1230 2534 1313 2568 pre.
1330 2525 1450 2566 Super
1468 2523 1507 2557 C.
1528 2521 1663 2556 Dilecta
1679 2523 1719 2555 in

83 2585 271 2627 mayistris
287 2583 435 2627 glossa:
454 2582 556 2617 Illud
579 2588 705 2617 autem
724 2587 865 2616 constat
882 2592 890 2616 t
917 2583 965 2616 Et
983 2582 1167 2616 Ostiensis
1191 2581 1229 2612 in
1248 2581 1399 2613 Summa
1417 2579 1490 2612 Tit.
1509 2577 1555 2612 de
1578 2577 1719 2612 Procu-

83 2638 282 2673 rator-ibus.
297 2639 534 2681 Responsum
549 2640 595 2672 de
609 2639 759 2672 Sindico
777 2649 784 2671 :
805 2639 901 2678 Quid
916 2638 957 2670 fit
971 2638 1130 2670 societas
1145 2646 1177 2670 v.
1194 2636 1260 2668 Est
1276 2636 1402 2668 autem
1416 2634 1653 2676 permissum.
1672 2633 1721 2666 Et

85 2703 154 2736 pro
178 2695 250 2727 isto
267 2695 416 2727 videtur
432 2704 513 2728 esse
531 2694 789 2736 Extravagans
817 2694 993 2736 Gregorii
1011 2692 1065 2726 XI
1082 2701 1089 2724 :
1108 2691 1167 2737 Eag
1191 2690 1372 2733 injuncto,
1398 2691 1436 2722 et
1460 2689 1720 2731 Extravagans

86 2749 273 2783 Bonifacii
311 2749 415 2790 VIII,
444 2759 540 2791 quae
571 2749 745 2782 similiter
776 2749 935 2791 incipit:
962 2747 1020 2782 Eoe
1050 2746 1231 2790 injuncto,
1250 2747 1321 2779 etc.
1352 2745 1400 2778 Et
1424 2745 1469 2777 de
1498 2743 1720 2776 mulieribus

85 2805 233 2839 videtur
255 2805 377 2848 magis
393 2814 475 2839 esse
491 2814 710 2848 expressum
738 2805 776 2838 in
804 2796 1006 2847 EYtravag.
1024 2802 1046 2837 J
1052 2802 1111 2835 oli.
1127 2800 1251 2835 XXII.
1277 2800 1414 2835 Sancta
1438 2799 1625 2840 Romana,
1644 2808 1719 2832 non

131 2971 180 3015 (1)
204 2969 482 3015 Verkeerdelijk
499 2972 554 3007 las
568 2970 747 3008 Moshcim
768 2982 776 3007 t
798 2971 842 3007 de
859 2969 954 3007 Inio.

1598 3026 1639 3060 12
