2050 3470
256 304 299 336 90
942 298 1077 331 ANNO
1104 297 1186 329 13⁸2ss

257 410 446 444 observari
463 418 604 442 necnon
623 408 744 450 ipsum
762 415 846 439 cum
864 407 942 439 toto
968 416 1034 439 suo
1051 406 1181 439 tenore
1205 405 1411 446 laudamus,
1438 408 1679 451 ratificamus,
1697 412 1876 452 approba-

256 475 337 498 mus
354 469 389 498 et
408 464 630 497 auctoritate
656 463 783 494 nostra
811 462 920 503 regia
945 470 1167 493 renovamus
1190 470 1233 494 ao
1257 461 1371 494 etiam
1395 462 1525 496 tenore
1549 465 1804 505 praesentium
1831 475 1877 499 ex

255 524 357 553 certa
371 519 527 552 seientia
543 517 805 550 confirmanus.

301 575 405 613 Quod
423 576 463 606 ut
487 574 690 615 perpetuae
707 571 923 604 stabilitatis
949 571 1063 603 robur
1091 570 1270 610 obtineat,
1289 572 1549 613 praesentibus
1565 572 1686 606 literis
1710 575 1879 609 nostrum

256 630 411 661 fecimus
438 627 574 668 apponi
599 625 779 668 sigillum.

299 685 432 716 Actum
455 682 551 723 apud
567 680 741 714 Sanctum
759 680 985 713 Germanum
1003 680 1040 712 in
1059 679 1172 721 Laya,
1192 689 1288 712 anno
1307 680 1456 714 Domini
1480 682 1679 716 millesimo
1696 685 1878 718 trecente-

255 740 349 770 simo
365 737 542 770 vicesimo
561 745 670 774 nono,
696 744 823 768 mense
838 734 1054 767 Novembri.

299 793 373 825 Per
390 792 580 824 dominum
594 799 723 833 regem
738 790 783 822 ad
802 789 1025 822 relationem
1051 789 1288 822 dominorum
1310 790 1499 832 Aymeriei
1517 792 1710 826 Guenaudi
1723 794 1761 827 et
1777 794 1879 828 Guil-

257 847 359 881 lelmi
379 845 588 880 ssertrandi.
606 845 665 878 Ja.
685 845 729 877 de
748 844 926 887 Boulayo.

606 932 871 967 Ordommnces
883 930 946 965 des
962 931 1053 966 Rois
1069 930 1114 965 de
1129 931 1286 972 France,
1301 933 1383 966 (1661
1398 933 1448 973 ΙΙ,
1464 934 1533 966 blz.
1546 934 1601 975 41,
1613 936 1667 968 42.
1682 954 1723 959 -
1740 937 1795 970 De
1807 939 1881 970 wet

648 997 718 1021 van
737 987 928 1028 Lodewijk
953 987 1021 1026 IX,
1046 996 1196 1029 waarop
1227 987 1311 1020 hier
1335 988 1571 1031 gezinspeeld
1596 991 1727 1031 wordt,
1755 991 1787 1024 is
1803 992 1882 1026 niet,

645 1043 706 1075 die
737 1051 807 1075 van
839 1042 945 1084 April
985 1042 1080 1082 1228,
1114 1043 1175 1075 die
1199 1042 1253 1075 als
1281 1042 1386 1085 volgt
1416 1044 1560 1087 begon:
1588 1058 1603 1072 u
1623 1045 1821 1088 Cupientes
1841 1046 1880 1080 in

647 1098 778 1140 primis
795 1098 906 1130 etatis
923 1099 959 1130 et
984 1097 1094 1139 regni
1119 1098 1235 1130 nostri
1261 1098 1477 1139 primordiis
1495 1099 1556 1132 Illi
1582 1101 1736 1141 servire,
1762 1110 1785 1134 a
1807 1110 1880 1143 quo

645 1163 805 1196 regnum
822 1154 1127 1196 recognoscimus
1144 1156 1181 1187 et
1205 1155 1243 1187 id
1267 1155 1366 1196 quod
1392 1163 1518 1187 sumus
1536 1169 1567 1187 n.
1594 1155 1692 1188 Deze
1716 1156 1790 1189 wet
1805 1165 1881 1189 was

647 1209 845 1251 overigens
885 1208 1022 1241 sleehts
1048 1210 1161 1251 teg-en
1199 1210 1244 1242 de
1283 1209 1427 1243 ketters
1468 1219 1539 1242 van
1573 1209 1881 1253 Zuid-Frankrijk

643 1263 804 1306 gerieht,
831 1263 966 1305 terwijl
991 1264 1037 1296 de
1054 1266 1127 1297 wet
1157 1263 1347 1307 Cupientes
1369 1265 1410 1296 in
1437 1264 1603 1307 favorem
1619 1263 1766 1298 divinae
1780 1264 1881 1309 fidei,

644 1327 737 1357 enz.,
772 1318 958 1359 blijkbaar
985 1328 1055 1352 van
1088 1319 1308 1361 algemeene
1337 1320 1554 1362 toepassing
1584 1322 1685 1353 moet
1716 1322 1883 1362 geweest

645 1375 730 1415 zijn‚
754 1374 845 1406 daar
858 1374 903 1406 de
916 1374 1178 1416 hernieuwing
1192 1375 1229 1406 in
1245 1374 1328 1406 1329
1344 1384 1435 1406 voor
1451 1374 1515 1407 het
1531 1374 1696 1417 gansche
1721 1375 1882 1408 konink-

649 1428 724 1469 rijk
755 1428 963 1470 gesehiedt.
993 1428 1167 1470 Nergens
1195 1428 1292 1460 vond
1315 1428 1355 1460 ik
1381 1429 1452 1461 den
1481 1428 1581 1461 tekst
1606 1429 1688 1461 dier
1711 1430 1785 1464 wei:
1810 1439 1881 1464 van

646 1483 838 1525 Lodewijk
855 1483 922 1516 XI.
942 1483 1004 1516 Zie
1021 1483 1225 1516 hierboven
1243 1490 1281 1516 nr
1303 1483 1347 1515 20
1370 1482 1497 1526 (73bis),
1524 1483 1592 1517 blz.
1617 1483 1671 1516 38.

927 1615 994 1659 56
1029 1611 1227 1672 (187t2r).

314 1747 434 1794 1329,
470 1744 738 1795 November,
774 1743 1295 1799 St-Germain-en-Laye
1327 1742 1390 1800 bq'j
1422 1745 1594 1800 Parg'js.
1631 1743 1756 1788 Edict
1796 1758 1881 1787 van

254 1814 337 1857 den
359 1814 612 1857 Fransehen
634 1812 799 1868 koning
816 1812 981 1868 Philips
1005 1812 1066 1855 VI
1092 1826 1170 1855 van
1204 1812 1368 1864 Valois,
1395 1812 1573 1870 waarbij
1607 1812 1666 1870 hij
1691 1826 1773 1856 aan
1796 1813 1882 1856 alle

254 1883 535 1940 reehterlijke
557 1880 841 1925 ambtenaren
865 1894 950 1923 van
973 1881 1059 1938 zijn
1077 1881 1159 1938 rijk
1179 1881 1254 1924 het
1272 1881 1456 1924 naleven
1483 1881 1628 1937 oplegt
1649 1895 1734 1924 van
1757 1895 1881 1926 vroe-

254 1966 357 2009 gere
387 1949 662 2007 koninklijke
682 1950 851 1993 edicten
885 1963 988 1992 over
1019 1949 1070 1992 de
1107 1949 1330 2006 Inquisitie
1369 1963 1423 1993 en
1456 1950 1508 1993 de
1540 1949 1773 2006 uitroeiing
1804 1950 1882 1994 der

253 2021 438 2065 ketters.
468 2045 520 2052 -
543 2022 602 2063 De
627 2018 887 2076 predikheer
909 2019 1105 2062 Hendrik
1129 2019 1180 2062 de
1202 2018 1412 2076 Chamay.
1439 2018 1697 2075 inquisiteur
1717 2021 1762 2062 te
1778 2018 1883 2063 Car-

254 2102 466 2132 eassonne
488 2087 664 2145 verblijf
676 2087 919 2137 houdende,
946 2087 1065 2131 heeft
1097 2088 1180 2130 den
1212 2087 1378 2143 koning
1411 2100 1517 2130 eene
1539 2086 1667 2130 reeks
1690 2085 1881 2142 bepalin-

253 2171 353 2213 gen,
375 2158 437 2200 uit
458 2157 525 2200 die
543 2157 711 2200 edicten
729 2156 989 2212 getrokken,
1011 2155 1275 2213 schriftelijk
1298 2154 1611 2212 overhandigd.
1633 2156 1693 2199 De
1713 2154 1881 2212 koning

253 2231 398 2269 neemt
419 2226 486 2269 die
510 2225 765 2268 uittreksels
788 2226 832 2268 in
855 2225 941 2282 zijn
959 2224 1070 2268 edict
1092 2239 1144 2281 op
1173 2238 1181 2268 :
1222 2226 1264 2268 1⁰
1298 2224 1460 2267 Huizen
1483 2238 1537 2266 en
1559 2223 1718 2267 andere
1742 2224 1882 2280 pleat-

253 2309 329 2338 sen
347 2294 452 2338 door
467 2294 643 2351 ketterij
669 2293 897 2337 bezoedeld
920 2298 1090 2337 moeten
1123 2293 1370 2350 vernietigd
1393 2307 1448 2336 en
1471 2292 1591 2336 nooit
1608 2306 1728 2336 weer
1748 2305 1880 2349 opge-

252 2363 408 2407 bouwd
456 2363 634 2406 worden
659 2377 669 2415 ;
728 2363 773 2405 2⁰
815 2363 962 2405 Zonen
1005 2376 1059 2405 en
1106 2362 1487 2418 afstammelingen
1521 2375 1606 2405 van
1637 2361 1807 2405 ketters
1838 2360 1887 2405 of

250 2432 512 2475 verdachten
548 2432 728 2475 kunnen
767 2444 875 2487 geen
917 2430 1135 2487 openbaar
1177 2430 1294 2474 ambt
1337 2430 1580 2473 bekleeden
1623 2443 1675 2473 en
1709 2433 1880 2474 moeten

250 2501 419 2557 afgezet
437 2500 638 2552 worden;
661 2501 706 2542 3⁰
724 2501 809 2544 Het
827 2500 1081 2544 onderhoud
1099 2514 1184 2543 van
1203 2499 1255 2543 de
1273 2500 1542 2556 gevangenis
1563 2499 1641 2542 der
1657 2498 1880 2555 Inquisitie

250 2573 293 2614 te
316 2570 613 2614 Carcassonne
630 2570 695 2612 zal
714 2582 767 2625 op
792 2570 946 2612 kosten
970 2569 1047 2612 der·
1070 2568 1344 2627 koninklijke
1379 2567 1597 2612 schatkist
1620 2566 1880 2623 geschieden

253 2639 441 2681 alsmede
465 2640 554 2681 met
573 2652 652 2681 een
675 2637 769 2681 deel
791 2651 875 2680 van
911 2637 961 2680 de
993 2637 1232 2694 opbrengst
1253 2638 1330 2681 der
1352 2636 1530 2689 boetem
1568 2636 1615 2680 4⁰
1637 2637 1877 2693 Hertogen,

252 2721 417 2762 graven
440 2721 493 2749 en
515 2707 600 2749 alle
634 2706 796 2749 andere
831 2706 1110 2763 rechterlijke
1131 2706 1414 2750 ambtenaren
1438 2709 1615 2750 moeten
1638 2707 1720 2750 den
1742 2707 1882 2762 inqui-

253 2775 411 2818 siteurs
443 2774 491 2818 os
516 2775 696 2818 hunnen
731 2774 1097 2831 afgevaardigden
1136 2775 1454 2831 gehoorzamen
1497 2777 1539 2818 in
1576 2775 1652 2819 het
1688 2789 1876 2833 vangen.

252 2842 462 2886 bewaken
485 2857 537 2886 en
556 2843 769 2886 kerkeren
796 2856 880 2886 van
897 2843 1065 2887 ketters
1082 2843 1129 2886 of
1147 2843 1429 2895 verdachten,
1457 2843 1497 2886 in
1518 2843 1594 2887 het
1615 2846 1690 2887 ten
1712 2844 1882 2888 uitvoer

250 2911 441 2968 brengen
465 2926 548 2955 van
571 2911 622 2954 de
643 2912 878 2955 vonnissen
910 2912 986 2956 der
1020 2912 1319 2968 inquisiteurs,
1358 2926 1412 2956 en
1445 2912 1489 2956 in
1521 2913 1637 2956 allen
1663 2912 1875 2956 verderen

249 2979 452 3038 bijstand,
488 2982 605 3026 ieder
636 2982 796 3026 binnen
836 2983 888 3027 de
921 2984 1048 3041 palen
1092 2997 1176 3028 van
1211 2983 1298 3043 ziJ‘n
1335 2982 1636 3041 rechtsgebied
1675 3000 1686 3038 ;
1735 2984 1781 3028 5⁰
1817 2984 1879 3030 De
