2050 3470
732 259 870 296 ANNO
896 258 1085 293 1303-1394
1662 264 1725 297 155

127 373 224 408 Item
241 374 339 416 quod
356 372 537 415 Alheydis
550 370 714 416 [Cluten]
729 372 767 405 et
783 371 860 405 filio
879 380 945 405 sue
964 371 1149 406 inducunt
1166 371 1340 407 homines
1358 373 1477 408 eciam
1504 374 1613 409 extra
1637 384 1722 409 suas

85 429 400 473 congregationes
413 428 527 462 immo
544 428 583 460 in
599 427 725 461 seculo
742 428 780 461 et
796 427 1036 473 matrimonio
1061 428 1268 461 existentes
1287 429 1332 462 ad
1350 428 1434 471 hoc,
1461 431 1504 463 ut
1520 431 1722 464 confitean-

85 485 148 518 tur
164 486 262 518 dicte
276 483 438 526 Alheydi
455 484 493 516 et
509 483 668 516 consilia
679 483 890 516 animarum
915 484 953 516 et
971 483 1222 517 directionem
1239 484 1558 519 conscientiarum
1575 487 1620 520 ab
1639 486 1722 529 ipsa

85 540 281 582 recipiant.
295 539 343 572 Et
358 538 457 580 quod
472 537 594 570 solum
610 538 648 570 in
665 537 968 580 predicatoribus
986 537 1302 580 Werymboldum
1318 540 1486 573 audiant.

130 595 227 628 Item
257 593 381 636 alique
406 593 563 626 honeste
596 601 756 635 persone
780 593 818 625 in
844 592 970 627 seculo
999 593 1120 626 eciam
1138 594 1378 627 matrimonio
1403 596 1609 629 existentes
1634 598 1720 629 sunt

87 652 256 684 confesse
280 649 447 692 predicte
463 648 625 690 Alheydi
639 648 692 681 ita
706 648 802 681 nude
821 649 858 681 et
876 649 1006 690 aperte
1019 649 1118 681 sicut
1131 649 1335 690 unicuique
1351 651 1552 684 sacerdoti.
1583 670 1625 675 —

129 705 341 739 Secundum
357 704 527 747 predicta
543 704 666 746 potest
688 712 727 736 se
745 712 880 746 regere
904 703 1108 745 inquisitor
1135 704 1173 737 in
1202 705 1511 746 inquisitionibus
1537 706 1717 740 Lulardo-

86 769 183 802 rum,
198 760 459 803 Begardorum
477 760 514 792 et
530 759 811 791 chstrionum.

129 815 214 849 Fiat
237 824 328 857 ergo
345 815 391 847 de
408 814 482 846 hiis
495 813 664 847 articulis
682 822 755 855 que
771 815 962 854 secuntur,
982 814 1250 857 interrogatio.

124 871 148 905 J
151 872 236 904 uret
251 871 373 913 primo
391 871 458 903 sub
476 869 546 903 hac
562 871 684 903 forma
700 869 810 902 tactis
827 870 943 902 sacris
960 869 1169 912 evangeliis
1187 871 1353 913 propriis
1368 871 1544 905 manibus
1564 881 1572 904 :

130 940 143 956 ι
162 926 243 969 Ego
257 926 302 959 N.
321 926 404 958 iuro
423 926 468 958 ad
492 926 621 959 saneta
638 926 707 959 Dei
731 925 931 968 evangelia
948 926 1046 967 quod
1064 926 1187 959 dicam
1206 935 1349 959 meram
1366 928 1404 960 et
1421 927 1564 960 claram
1581 927 1717 961 verita-

83 995 99 1013 »
114 983 190 1016 tem
206 982 252 1015 de
268 981 452 1020 omnibus,
471 981 517 1014 de
541 981 676 1022 quibus
693 982 949 1023 interrogatus
973 982 1094 1020 fuere,
1120 983 1233 1023 prout
1257 982 1402 1015 scivero
1429 983 1468 1016 et
1491 983 1652 1025 potuero
1683 984 1721 1017 et

85 1049 99 1066 ι
115 1037 186 1070 hoc
203 1046 277 1069 non
294 1036 605 1079 pretermittendo
623 1037 778 1078 propter
795 1044 962 1069 amorem
979 1036 1037 1069 vel
1056 1037 1131 1069 odii
1150 1046 1348 1070 rancorem
1367 1046 1436 1071 nec
1460 1038 1542 1071 irae
1561 1038 1721 1072 livorem

86 1104 100 1121 ι
115 1101 184 1126 nee
196 1093 352 1134 propter
364 1100 586 1134 quecunque
603 1093 701 1125 bona
718 1091 829 1124 huius
845 1092 988 1124 mundi.
1010 1092 1070 1126 Sic
1085 1100 1144 1125 me
1163 1092 1263 1125 Deus
1281 1093 1434 1127 adiuvet
1451 1095 1488 1127 et
1505 1093 1574 1127 hec
1591 1095 1720 1128 sancta

86 1160 101 1177 ι
116 1147 187 1181 Dei
203 1147 414 1191 evangelia.
436 1160 452 1177 »

124 1202 390 1237 Juramentum
406 1203 444 1236 in
461 1203 609 1246 vulgari
629 1213 637 1235 :
665 1216 681 1233 «
700 1202 766 1236 Ich
784 1203 830 1236 N.
849 1211 969 1237 swere
993 1203 1068 1236 und
1092 1203 1254 1246 ghelove
1277 1204 1379 1237 Gode
1411 1213 1482 1238 van
1507 1204 1720 1239 hemelrike

84 1271 98 1288 ι
114 1258 189 1291 und
206 1267 343 1300 seyner
358 1257 491 1300 leyven
509 1258 640 1291 moder
662 1258 809 1291 Marien
833 1258 909 1291 und
934 1257 992 1291 ale
1019 1258 1141 1291 Godes
1157 1257 1340 1301 hillegen,
1361 1259 1425 1292 dat
1449 1259 1489 1291 ik
1506 1258 1577 1293 wel
1602 1269 1719 1303 segen

84 1326 98 1344 ι
116 1314 189 1356 dey
205 1313 333 1347 claren
350 1313 499 1347 luteren
515 1313 686 1355 warheyt
710 1322 779 1346 van
806 1313 841 1347 al
859 1314 930 1347 den
959 1313 1123 1356 dyngen,
1150 1314 1218 1346 dar
1238 1323 1325 1347 men
1342 1323 1404 1356 my
1422 1323 1548 1347 umme
1574 1319 1717 1358 vraget‚

84 1382 98 1399 ι
117 1369 196 1403 also
212 1378 302 1403 vere
319 1369 374 1402 als
396 1369 437 1402 ik
461 1368 525 1402 dat
552 1370 649 1403 weet
672 1370 748 1402 und
776 1378 849 1412 eyn
876 1369 939 1402 wil
956 1369 1022 1402 das
1040 1369 1155 1412 nycht
1178 1369 1283 1403 lazen
1312 1379 1376 1402 um
1403 1369 1482 1412 leyf
1513 1370 1605 1403 eder
1629 1370 1718 1413 leet,

82 1437 99 1454 ι»
117 1433 242 1458 umme
258 1423 336 1465 hat,
355 1425 454 1467 nyet,
468 1423 604 1458 thoren
621 1423 718 1457 noch
732 1433 854 1458 omme
871 1423 998 1467 gheyn
1015 1425 1083 1467 gut
1107 1425 1239 1458 dusser
1262 1424 1384 1457 werlt.
1415 1425 1462 1459 So
1481 1425 1631 1459 moehte
1655 1434 1718 1468 my

84 1492 98 1509 n
115 1479 187 1514 Got
202 1479 340 1522 helpen
353 1481 429 1514 und
443 1480 478 1513 al
496 1489 588 1522 syne
608 1480 762 1523 hylgen.
783 1493 798 1510 n

127 1534 165 1569 Si
193 1534 311 1569 nollet
338 1535 466 1570 iurare
502 1536 562 1569 vel
600 1535 857 1576 difficultaret,
893 1535 1086 1570 hereticus
1105 1536 1173 1569 est.
1205 1536 1546 1579 (Interrogationes
1573 1537 1718 1570 extrav.

82 1591 451 1624 excommunicamus
468 1590 617 1633 primo).

125 1647 255 1679 Primo
272 1646 451 1680 iurabunt
464 1647 509 1680 de
523 1647 682 1680 dicenda
697 1647 858 1680 veritate
882 1646 994 1690 plane
1014 1646 1096 1680 sine
1114 1646 1362 1689 ambiguitate
1379 1646 1418 1679 et
1430 1645 1587 1679 directe.

125 1701 184 1735 An
196 1702 337 1744 teneat,
355 1702 454 1743 quod
470 1702 551 1736 sine
568 1703 722 1744 peceato
739 1703 869 1745 Jurare
885 1703 1004 1745 possit
1020 1702 1060 1735 in
1083 1702 1236 1735 iudicio.

123 1757 182 1790 An
197 1756 368 1799 jurantes
391 1758 547 1800 propter
570 1757 789 1791 scandalum
811 1757 1006 1791 vitandum
1029 1758 1175 1800 possint
1198 1756 1304 1791 licite
1329 1756 1455 1791 celare
1479 1758 1627 1791 secreta
1651 1766 1718 1791 sue

81 1813 196 1846 secte.

124 1868 221 1903 Item
235 1877 282 1902 an
296 1869 429 1911 jurare
446 1870 664 1904 recusantes
679 1869 738 1904 vel
755 1868 961 1904 verbaliter
977 1869 1103 1903 tamen
1119 1868 1289 1911 Jurantes
1305 1869 1482 1912 reputent
1505 1868 1718 1903 hereticum

80 1924 140 1959 vel
156 1934 338 1959 errorem.

125 1978 218 2011 Post
233 1978 476 2020 requirantur
491 1988 498 2011 :

127 2033 236 2067 Unde
261 2034 348 2068 sint.
364 2034 435 2073 Qui
453 2034 529 2067 sint
551 2035 740 2077 parentes.
760 2034 898 2068 Utrum
913 2034 988 2068 vivi
1012 2033 1070 2068 vel
1102 2033 1253 2067 mortui.
1288 2032 1361 2067 Ubi
1392 2032 1510 2066 fuerit
1544 2032 1720 2066 nutritus.

82 2089 155 2123 Ubi
173 2089 289 2122 fuerit
305 2091 558 2122 conversatus.
581 2090 704 2129 Quare
724 2099 962 2123 communem
980 2089 1164 2123 habitum.
1182 2089 1306 2128 Quare
1330 2097 1568 2122 communem
1585 2088 1719 2121 locum.

82 2145 140 2178 An
178 2145 308 2178 credat
347 2145 386 2178 in
418 2145 552 2178 Deum.
593 2146 652 2179 An
696 2145 878 2179 articulos
909 2145 1010 2179 fidei.
1040 2146 1098 2178 An
1130 2145 1366 2178 sacramenta
1394 2143 1564 2177 ecclesie.
1600 2144 1659 2177 An
1682 2144 1722 2176 in

81 2201 248 2234 sanctam
279 2200 489 2234 Romanam
522 2202 560 2234 et
593 2200 820 2234 catholicam
846 2201 1060 2235 eeclesiam.
1080 2201 1138 2234 An
1155 2201 1286 2234 tenere
1305 2198 1416 2233 aliter
1432 2208 1543 2241 quam
1561 2199 1722 2233 ecclesia

81 2256 307 2290 determinat
329 2257 560 2290 credendum
584 2257 632 2289 sit
658 2255 884 2290 hereticum.
914 2257 972 2290 An
1002 2255 1192 2290 rebellare
1222 2255 1413 2298 preceptis
1429 2254 1589 2288 ecclesie
1605 2255 1720 2297 perti-

81 2312 226 2346 naciter
241 2320 391 2353 semper
411 2312 460 2344 sit
482 2312 678 2354 peceatum
706 2311 878 2345 mortale.
904 2313 963 2345 An
987 2313 1118 2345 tenere
1146 2312 1245 2353 quod
1267 2311 1446 2353 precepta
1468 2309 1627 2344 ecclesie
1644 2320 1719 2343 non

82 2367 254 2410 obligant
269 2366 437 2408 aliquem
457 2366 682 2400 hereticum.
700 2368 759 2401 An
775 2376 954 2409 umquam
972 2368 1136 2401 audierit
1160 2367 1379 2409 preceptum
1396 2365 1569 2406 ecclesie,
1586 2375 1721 2399 novam

80 2422 306 2465 religionem
322 2432 396 2455 non
414 2423 682 2456 assumendam
699 2424 736 2457 et
754 2432 828 2456 non
848 2423 1111 2456 confirmatam
1131 2422 1377 2456 deserendam
1401 2430 1496 2455 esse.
1513 2421 1572 2454 An
1589 2419 1721 2453 audie-

79 2479 157 2512 rint
169 2479 322 2519 sectam,
341 2488 414 2521 que
433 2479 574 2512 dicitur
592 2480 855 2522 Begardorum
872 2481 910 2513 et
926 2480 1186 2523 Beghinarum
1212 2488 1276 2512 seu
1294 2479 1575 2517 Swestrionum,
1594 2477 1719 2519 damp-

81 2535 208 2568 natam
225 2543 319 2568 esse.
339 2534 435 2567 Item
459 2535 622 2576 quando,
642 2544 663 2568 a
676 2544 748 2577 quo
766 2536 804 2569 et
820 2544 937 2577 quare
954 2536 1092 2568 dictam
1109 2536 1252 2568 sectam
1276 2535 1517 2576 reprobatam
1542 2541 1717 2574 assump-

81 2590 212 2630 serint,
243 2591 282 2623 et
305 2590 351 2623 de
375 2590 486 2623 modo
521 2591 750 2632 receptionis
781 2592 818 2623 et
845 2591 1023 2632 quamdiu
1050 2591 1200 2623 duravit
1230 2591 1268 2622 in
1297 2598 1343 2623 ca
1365 2590 1403 2622 et
1426 2589 1491 2622 ubi
1515 2588 1717 2631 receperit.

79 2645 176 2680 Item
193 2654 309 2687 quare
326 2654 438 2678 sanus
455 2646 620 2679 existens
636 2645 775 2678 victum
789 2655 857 2688 per
873 2647 1154 2679 mendicitatem
1178 2645 1361 2687 quesierit
1384 2645 1423 2677 in
1444 2645 1713 2678 detrimentum

78 2709 286 2744 pauperum
303 2701 341 2733 et
357 2699 532 2733 laborare
549 2701 735 2733 recusavit
748 2702 880 2734 contra
904 2700 1188 2743 rempublicam.
1208 2701 1303 2733 Item
1320 2699 1506 2742 quomodo
1525 2699 1713 2732 deserviat

79 2756 177 2796 illas,
203 2765 317 2797 quum
349 2756 432 2789 oret
462 2757 782 2798 recompensando
817 2757 962 2796 missas,
992 2756 1175 2799 vigiliam,
1210 2755 1432 2798 psalterium
1464 2756 1501 2788 et
1533 2763 1712 2797 magnum

80 2812 298 2845 oratorium.
314 2811 408 2845 Item
422 2812 458 2843 in
477 2820 569 2853 quos
586 2821 674 2843 usus
691 2812 940 2853 expediantur
953 2811 1192 2853 eleemosyne
1205 2812 1242 2843 et
1257 2820 1303 2843 an
1317 2811 1498 2843 reddatur
1514 2810 1709 2851 conpotus,

80 2866 260 2908 quantum
274 2866 480 2908 recipiatur
496 2868 533 2899 et
550 2867 732 2907 quantum
749 2868 971 2908 exponatur.
991 2866 1087 2899 Item
1104 2875 1149 2899 an
1169 2865 1328 2899 Marthis
1345 2866 1383 2899 ct
1401 2865 1710 2908 procuratoribus

80 2921 277 2954 obediatur
301 2921 346 2954 ad
360 2930 553 2964 egressum
571 2922 608 2954 et
624 2921 798 2961 reditum,
817 2923 1083 2960 confessorem,
1110 2921 1387 2963 predicatorem
1403 2922 1442 2954 et
1463 2928 1600 2962 penam
1617 2928 1706 2962 por-

81 2976 241 3011 tandam.
259 2977 317 3011 An
341 2976 488 3010 Martlie
505 2976 629 3020 potius
646 2977 695 3010 sit
718 2977 965 3012 obediendum
983 2985 1095 3020 quam
1111 2976 1260 3019 placitis
1278 2975 1437 3011 ecclesie
1454 2977 1492 3010 ct
1514 2975 1709 3019 inquisito-
