<?xml version="1.0" encoding="UTF-8"?>
<!DOCTYPE html PUBLIC "-//W3C//DTD XHTML 1.0 Transitional//EN"
    "http://www.w3.org/TR/xhtml1/DTD/xhtml1-transitional.dtd">
<html xmlns="http://www.w3.org/1999/xhtml" xml:lang="en" lang="en">
 <head>
  <title>
</title>
<meta http-equiv="Content-Type" content="text/html;charset=utf-8" />
  <meta name='ocr-system' content='tesseract 3.04.00' />
  <meta name='ocr-capabilities' content='ocr_page ocr_carea ocr_par ocr_line ocrx_word'/>
</head>
<body>
  <div class='ocr_page' id='page_1' title='image "./corpusdocumentor02fruoft_0044.png"; bbox 0 0 2050 3470; ppageno 0'>
   <div class='ocr_carea' id='block_1_1' title="bbox 259 274 1241 310">
    <p class='ocr_par' dir='ltr' id='par_1_1' title="bbox 259 274 1241 310">
     <span class='ocr_line' id='line_1_1' title="bbox 259 274 1241 310; baseline -0.004 0"><span class='ocrx_word' id='word_1_1' title='bbox 259 277 297 310; x_wconf 78' lang='lat'>14</span> <span class='ocrx_word' id='word_1_2' title='bbox 896 274 1031 308; x_wconf 90' lang='lat' dir='ltr'>ANNO</span> <span class='ocrx_word' id='word_1_3' title='bbox 1057 275 1241 307; x_wconf 79' lang='lat'>1175-1177</span> 
     </span>
    </p>
   </div>
   <div class='ocr_carea' id='block_1_2' title="bbox 247 383 1878 2178">
    <p class='ocr_par' dir='ltr' id='par_1_2' title="bbox 249 383 1878 1304">
     <span class='ocr_line' id='line_1_2' title="bbox 257 383 1874 426; baseline -0.001 -8"><span class='ocrx_word' id='word_1_4' title='bbox 257 385 335 418; x_wconf 73' lang='lat' dir='ltr'>zelo</span> <span class='ocrx_word' id='word_1_5' title='bbox 354 386 484 418; x_wconf 71' lang='lat' dir='ltr'>«lomus</span> <span class='ocrx_word' id='word_1_6' title='bbox 504 385 571 417; x_wconf 81' lang='lat' dir='ltr'>Dei</span> <span class='ocrx_word' id='word_1_7' title='bbox 587 385 774 417; x_wconf 75' lang='lat' dir='ltr'>ferventes</span> <span class='ocrx_word' id='word_1_8' title='bbox 788 383 986 421; x_wconf 85' lang='lat' dir='ltr'>exhibetis,</span> <span class='ocrx_word' id='word_1_9' title='bbox 1007 385 1155 426; x_wconf 89' lang='lat' dir='ltr'>gratum</span> <span class='ocrx_word' id='word_1_10' title='bbox 1171 384 1276 416; x_wconf 87' lang='lat' dir='ltr'>nobis</span> <span class='ocrx_word' id='word_1_11' title='bbox 1299 383 1497 416; x_wconf 84' lang='lat' dir='ltr'>admodum</span> <span class='ocrx_word' id='word_1_12' title='bbox 1511 391 1591 416; x_wconf 88' lang='lat' dir='ltr'>esse</span> <span class='ocrx_word' id='word_1_13' title='bbox 1608 385 1874 425; x_wconf 84' lang='lat' dir='ltr'>acceptumque</span> 
     </span>
     <span class='ocr_line' id='line_1_3' title="bbox 258 438 1876 480; baseline -0.001 -7"><span class='ocrx_word' id='word_1_14' title='bbox 258 441 449 473; x_wconf 77' lang='lat' dir='ltr'>noveritis,</span> <span class='ocrx_word' id='word_1_15' title='bbox 479 439 618 472; x_wconf 89' lang='lat' dir='ltr'>Verum</span> <span class='ocrx_word' id='word_1_16' title='bbox 646 439 746 480; x_wconf 81' lang='lat' dir='ltr'>quia,</span> <span class='ocrx_word' id='word_1_17' title='bbox 777 439 873 471; x_wconf 87' lang='lat' dir='ltr'>sicut</span> <span class='ocrx_word' id='word_1_18' title='bbox 898 439 1121 480; x_wconf 85' lang='lat' dir='ltr'>accepimus,</span> <span class='ocrx_word' id='word_1_19' title='bbox 1151 438 1336 479; x_wconf 85' lang='lat' dir='ltr'><strong>quendam</strong></span> <span class='ocrx_word' id='word_1_20' title='bbox 1364 438 1607 477; x_wconf 81' lang='lat' dir='ltr'>sacerdotem,</span> <span class='ocrx_word' id='word_1_21' title='bbox 1635 438 1876 472; x_wconf 87' lang='lat' dir='ltr'>Lambertum</span> 
     </span>
     <span class='ocr_line' id='line_1_4' title="bbox 258 492 1878 535; baseline -0.001 -8"><span class='ocrx_word' id='word_1_22' title='bbox 258 496 419 533; x_wconf 88' lang='lat' dir='ltr'>nomine,</span> <span class='ocrx_word' id='word_1_23' title='bbox 447 494 492 526; x_wconf 87' lang='lat' dir='ltr'>de</span> <span class='ocrx_word' id='word_1_24' title='bbox 521 493 646 526; x_wconf 89' lang='lat' dir='ltr'>heresi</span> <span class='ocrx_word' id='word_1_25' title='bbox 671 494 894 526; x_wconf 77' lang='lat' dir='ltr'>infamatum</span> <span class='ocrx_word' id='word_1_26' title='bbox 919 495 956 526; x_wconf 91' lang='lat' dir='ltr'>et</span> <span class='ocrx_word' id='word_1_27' title='bbox 998 501 1037 525; x_wconf 89' lang='lat' dir='ltr'>se</span> <span class='ocrx_word' id='word_1_28' title='bbox 1063 501 1275 535; x_wconf 83' lang='lat' dir='ltr'>expurgare</span> <span class='ocrx_word' id='word_1_29' title='bbox 1303 492 1490 525; x_wconf 82' lang='lat' dir='ltr'>volentem</span> <span class='ocrx_word' id='word_1_30' title='bbox 1518 500 1639 533; x_wconf 87' lang='lat' dir='ltr'>neque</span> <span class='ocrx_word' id='word_1_31' title='bbox 1667 492 1878 525; x_wconf 89' lang='lat' dir='ltr'>convictum</span> 
     </span>
     <span class='ocr_line' id='line_1_5' title="bbox 257 545 1877 590; baseline -0.001 -9"><span class='ocrx_word' id='word_1_32' title='bbox 257 557 376 590; x_wconf 85' lang='lat' dir='ltr'>neque</span> <span class='ocrx_word' id='word_1_33' title='bbox 405 549 628 587; x_wconf 82' lang='lat' dir='ltr'>contessum,</span> <span class='ocrx_word' id='word_1_34' title='bbox 663 547 708 581; x_wconf 89' lang='lat' dir='ltr'>ad</span> <span class='ocrx_word' id='word_1_35' title='bbox 738 547 838 581; x_wconf 89' lang='lat' dir='ltr'>sedis</span> <span class='ocrx_word' id='word_1_36' title='bbox 866 556 1013 588; x_wconf 85' lang='lat' dir='ltr'>quoque</span> <span class='ocrx_word' id='word_1_37' title='bbox 1037 546 1240 588; x_wconf 88' lang='lat' dir='ltr'>apostolice</span> <span class='ocrx_word' id='word_1_38' title='bbox 1265 546 1494 579; x_wconf 85' lang='lat' dir='ltr'>audientiam</span> <span class='ocrx_word' id='word_1_39' title='bbox 1518 545 1766 588; x_wconf 84' lang='lat' dir='ltr'>appelantem,</span> <span class='ocrx_word' id='word_1_40' title='bbox 1791 556 1877 580; x_wconf 86' lang='lat' dir='ltr'>con—</span> 
     </span>
     <span class='ocr_line' id='line_1_6' title="bbox 256 600 1873 645; baseline -0.001 -10"><span class='ocrx_word' id='word_1_41' title='bbox 256 606 397 645; x_wconf 78' lang='lat' dir='ltr'>tempta</span> <span class='ocrx_word' id='word_1_42' title='bbox 414 603 638 636; x_wconf 85' lang='lat' dir='ltr'>auctoritate</span> <span class='ocrx_word' id='word_1_43' title='bbox 657 603 755 635; x_wconf 89' lang='lat' dir='ltr'>sedis</span> <span class='ocrx_word' id='word_1_44' title='bbox 773 601 990 644; x_wconf 89' lang='lat' dir='ltr'>apostolice,</span> <span class='ocrx_word' id='word_1_45' title='bbox 1006 601 1220 643; x_wconf 84' lang='lat' dir='ltr'>captivastis</span> <span class='ocrx_word' id='word_1_46' title='bbox 1237 603 1275 634; x_wconf 89' lang='lat' dir='ltr'>et</span> <span class='ocrx_word' id='word_1_47' title='bbox 1290 600 1448 634; x_wconf 88' lang='lat' dir='ltr'>vinculis</span> <span class='ocrx_word' id='word_1_48' title='bbox 1465 601 1670 641; x_wconf 81' lang='lat' dir='ltr'>addidistis,</span> <span class='ocrx_word' id='word_1_49' title='bbox 1686 601 1716 633; x_wconf 92' lang='lat' dir='ltr'>si</span> <span class='ocrx_word' id='word_1_50' title='bbox 1735 601 1789 634; x_wconf 84' lang='lat' dir='ltr'>ita</span> <span class='ocrx_word' id='word_1_51' title='bbox 1804 601 1873 642; x_wconf 85' lang='lat' dir='ltr'>est,</span> 
     </span>
     <span class='ocr_line' id='line_1_7' title="bbox 257 655 1877 699; baseline -0.001 -8"><span class='ocrx_word' id='word_1_52' title='bbox 257 669 328 691; x_wconf 88' lang='lat' dir='ltr'>non</span> <span class='ocrx_word' id='word_1_53' title='bbox 353 659 539 691; x_wconf 88' lang='lat' dir='ltr'>modicum</span> <span class='ocrx_word' id='word_1_54' title='bbox 572 658 803 691; x_wconf 81' lang='lat' dir='ltr'>admiramur</span> <span class='ocrx_word' id='word_1_55' title='bbox 831 660 868 690; x_wconf 90' lang='lat' dir='ltr'>et</span> <span class='ocrx_word' id='word_1_56' title='bbox 896 656 1099 699; x_wconf 87' lang='lat' dir='ltr'>plurimum</span> <span class='ocrx_word' id='word_1_57' title='bbox 1130 656 1348 689; x_wconf 87' lang='lat' dir='ltr'>admirando</span> <span class='ocrx_word' id='word_1_58' title='bbox 1381 656 1585 689; x_wconf 84' lang='lat' dir='ltr'>turbamur.</span> <span class='ocrx_word' id='word_1_59' title='bbox 1619 655 1724 689; x_wconf 87' lang='lat' dir='ltr'>Inter</span> <span class='ocrx_word' id='word_1_60' title='bbox 1750 657 1877 690; x_wconf 88' lang='lat' dir='ltr'>cetera</span> 
     </span>
     <span class='ocr_line' id='line_1_8' title="bbox 255 709 1876 755; baseline -0.002 -9"><span class='ocrx_word' id='word_1_61' title='bbox 255 722 427 754; x_wconf 74' lang='lat' dir='ltr'>namque,</span> <span class='ocrx_word' id='word_1_62' title='bbox 443 722 514 755; x_wconf 88' lang='lat' dir='ltr'>que</span> <span class='ocrx_word' id='word_1_63' title='bbox 531 713 630 746; x_wconf 88' lang='lat' dir='ltr'>sedis</span> <span class='ocrx_word' id='word_1_64' title='bbox 645 712 851 754; x_wconf 88' lang='lat' dir='ltr'>apostolice</span> <span class='ocrx_word' id='word_1_65' title='bbox 871 711 1086 754; x_wconf 83' lang='lat' dir='ltr'>benignitas</span> <span class='ocrx_word' id='word_1_66' title='bbox 1105 710 1190 744; x_wconf 89' lang='lat' dir='ltr'>aliis</span> <span class='ocrx_word' id='word_1_67' title='bbox 1206 710 1375 750; x_wconf 83' lang='lat' dir='ltr'>indulsit,</span> <span class='ocrx_word' id='word_1_68' title='bbox 1391 709 1652 753; x_wconf 83' lang='lat' dir='ltr'>appellationis</span> <span class='ocrx_word' id='word_1_69' title='bbox 1668 711 1876 744; x_wconf 88' lang='lat' dir='ltr'>remedium</span> 
     </span>
     <span class='ocr_line' id='line_1_9' title="bbox 253 765 1876 808; baseline 0 -9"><span class='ocrx_word' id='word_1_70' title='bbox 253 769 323 800; x_wconf 82' lang='lat' dir='ltr'>sibi</span> <span class='ocrx_word' id='word_1_71' title='bbox 357 768 652 801; x_wconf 82' lang='lat' dir='ltr'>misericorditer</span> <span class='ocrx_word' id='word_1_72' title='bbox 682 767 899 806; x_wconf 85' lang='lat' dir='ltr'>reservavit,</span> <span class='ocrx_word' id='word_1_73' title='bbox 933 768 974 799; x_wconf 90' lang='lat' dir='ltr'>ut</span> <span class='ocrx_word' id='word_1_74' title='bbox 1004 775 1072 808; x_wconf 92' lang='lat' dir='ltr'>per</span> <span class='ocrx_word' id='word_1_75' title='bbox 1104 775 1186 799; x_wconf 86' lang='lat' dir='ltr'>eam</span> <span class='ocrx_word' id='word_1_76' title='bbox 1223 766 1412 808; x_wconf 87' lang='lat' dir='ltr'>oppressis</span> <span class='ocrx_word' id='word_1_77' title='bbox 1435 768 1473 798; x_wconf 91' lang='lat' dir='ltr'>et</span> <span class='ocrx_word' id='word_1_78' title='bbox 1503 765 1722 807; x_wconf 87' lang='lat' dir='ltr'>exspoliatis</span> <span class='ocrx_word' id='word_1_79' title='bbox 1749 767 1876 808; x_wconf 86' lang='lat' dir='ltr'>posset</span> 
     </span>
     <span class='ocr_line' id='line_1_10' title="bbox 252 819 1876 862; baseline -0.001 -8"><span class='ocrx_word' id='word_1_80' title='bbox 252 823 455 862; x_wconf 87' lang='lat' dir='ltr'>subveniri,</span> <span class='ocrx_word' id='word_1_81' title='bbox 486 823 722 856; x_wconf 87' lang='lat' dir='ltr'>invasoribus</span> <span class='ocrx_word' id='word_1_82' title='bbox 750 830 837 855; x_wconf 89' lang='lat' dir='ltr'>vero</span> <span class='ocrx_word' id='word_1_83' title='bbox 869 821 968 862; x_wconf 84' lang='lat' dir='ltr'>juste</span> <span class='ocrx_word' id='word_1_84' title='bbox 999 822 1037 854; x_wconf 90' lang='lat' dir='ltr'>et</span> <span class='ocrx_word' id='word_1_85' title='bbox 1069 821 1246 854; x_wconf 86' lang='lat' dir='ltr'>canonice</span> <span class='ocrx_word' id='word_1_86' title='bbox 1278 820 1433 853; x_wconf 87' lang='lat' dir='ltr'>obviari.</span> <span class='ocrx_word' id='word_1_87' title='bbox 1468 820 1559 853; x_wconf 93' lang='lat' dir='ltr'>Cum</span> <span class='ocrx_word' id='word_1_88' title='bbox 1590 820 1717 861; x_wconf 88' lang='lat' dir='ltr'>itaque</span> <span class='ocrx_word' id='word_1_89' title='bbox 1750 819 1876 853; x_wconf 86' lang='lat' dir='ltr'>divine</span> 
     </span>
     <span class='ocr_line' id='line_1_11' title="bbox 252 874 1876 918; baseline -0.001 -9"><span class='ocrx_word' id='word_1_90' title='bbox 252 878 401 910; x_wconf 85' lang='lat' dir='ltr'>virtutis</span> <span class='ocrx_word' id='word_1_91' title='bbox 418 881 456 910; x_wconf 87' lang='lat' dir='ltr'>et</span> <span class='ocrx_word' id='word_1_92' title='bbox 480 877 728 910; x_wconf 87' lang='lat' dir='ltr'>institutionis</span> <span class='ocrx_word' id='word_1_93' title='bbox 746 877 888 909; x_wconf 86' lang='lat' dir='ltr'>sanctio</span> <span class='ocrx_word' id='word_1_94' title='bbox 914 876 973 916; x_wconf 88' lang='lat' dir='ltr'>sit,</span> <span class='ocrx_word' id='word_1_95' title='bbox 995 877 1036 908; x_wconf 89' lang='lat' dir='ltr'>ut</span> <span class='ocrx_word' id='word_1_96' title='bbox 1059 876 1224 908; x_wconf 90' lang='lat' dir='ltr'>omnium</span> <span class='ocrx_word' id='word_1_97' title='bbox 1241 874 1485 909; x_wconf 85' lang='lat' dir='ltr'>ecclesiarum</span> <span class='ocrx_word' id='word_1_98' title='bbox 1503 875 1661 918; x_wconf 87' lang='lat' dir='ltr'>negocia</span> <span class='ocrx_word' id='word_1_99' title='bbox 1676 875 1876 917; x_wconf 84' lang='lat' dir='ltr'>presertim</span> 
     </span>
     <span class='ocr_line' id='line_1_12' title="bbox 252 929 1878 974; baseline -0.001 -10"><span class='ocrx_word' id='word_1_100' title='bbox 252 933 297 965; x_wconf 83' lang='lat' dir='ltr'>de</span> <span class='ocrx_word' id='word_1_101' title='bbox 316 933 388 966; x_wconf 86' lang='lat' dir='ltr'>fide</span> <span class='ocrx_word' id='word_1_102' title='bbox 412 932 598 966; x_wconf 86' lang='lat' dir='ltr'>catholica</span> <span class='ocrx_word' id='word_1_103' title='bbox 614 932 659 965; x_wconf 92' lang='lat' dir='ltr'>ad</span> <span class='ocrx_word' id='word_1_104' title='bbox 677 934 803 965; x_wconf 88' lang='lat' dir='ltr'>nostre</span> <span class='ocrx_word' id='word_1_105' title='bbox 821 931 976 964; x_wconf 83' lang='lat' dir='ltr'>tendant</span> <span class='ocrx_word' id='word_1_106' title='bbox 999 931 1249 973; x_wconf 86' lang='lat' dir='ltr'>reparationis</span> <span class='ocrx_word' id='word_1_107' title='bbox 1275 931 1462 970; x_wconf 84' lang='lat' dir='ltr'>effectum,</span> <span class='ocrx_word' id='word_1_108' title='bbox 1480 940 1524 964; x_wconf 88' lang='lat' dir='ltr'>eo</span> <span class='ocrx_word' id='word_1_109' title='bbox 1549 931 1647 972; x_wconf 91' lang='lat' dir='ltr'>quod</span> <span class='ocrx_word' id='word_1_110' title='bbox 1666 930 1788 964; x_wconf 85' lang='lat' dir='ltr'>Roma</span> <span class='ocrx_word' id='word_1_111' title='bbox 1802 929 1878 974; x_wconf 78' lang='lat' dir='ltr'>(sic)</span> 
     </span>
     <span class='ocr_line' id='line_1_13' title="bbox 252 985 1877 1031; baseline -0.001 -11"><span class='ocrx_word' id='word_1_112' title='bbox 252 987 413 1021; x_wconf 89' lang='lat' dir='ltr'>ecclesia</span> <span class='ocrx_word' id='word_1_113' title='bbox 429 997 543 1031; x_wconf 87' lang='lat' dir='ltr'>supra</span> <span class='ocrx_word' id='word_1_114' title='bbox 559 990 702 1029; x_wconf 83' lang='lat' dir='ltr'>petram</span> <span class='ocrx_word' id='word_1_115' title='bbox 720 987 876 1019; x_wconf 79' lang='lat' dir='ltr'>fundata</span> <span class='ocrx_word' id='word_1_116' title='bbox 895 986 1053 1020; x_wconf 84' lang='lat' dir='ltr'>firmitas</span> <span class='ocrx_word' id='word_1_117' title='bbox 1066 995 1088 1019; x_wconf 90' lang='lat' dir='ltr'>a</span> <span class='ocrx_word' id='word_1_118' title='bbox 1104 985 1264 1026; x_wconf 88' lang='lat' dir='ltr'>Christo,</span> <span class='ocrx_word' id='word_1_119' title='bbox 1283 987 1405 1020; x_wconf 90' lang='lat' dir='ltr'>mater</span> <span class='ocrx_word' id='word_1_120' title='bbox 1421 987 1478 1020; x_wconf 88' lang='lat' dir='ltr'>est</span> <span class='ocrx_word' id='word_1_121' title='bbox 1493 987 1531 1019; x_wconf 88' lang='lat' dir='ltr'>et</span> <span class='ocrx_word' id='word_1_122' title='bbox 1546 986 1657 1028; x_wconf 90' lang='lat' dir='ltr'>caput</span> <span class='ocrx_word' id='word_1_123' title='bbox 1673 985 1877 1018; x_wconf 88' lang='lat' dir='ltr'>constituta</span> 
     </span>
     <span class='ocr_line' id='line_1_14' title="bbox 251 1040 1874 1085; baseline -0.002 -10"><span class='ocrx_word' id='word_1_124' title='bbox 251 1043 446 1085; x_wconf 84' lang='lat' dir='ltr'>dignitatis</span> <span class='ocrx_word' id='word_1_125' title='bbox 471 1046 505 1075; x_wconf 90' lang='lat' dir='ltr'>et</span> <span class='ocrx_word' id='word_1_126' title='bbox 541 1041 794 1075; x_wconf 79' lang='lat' dir='ltr'>ecclesiastice</span> <span class='ocrx_word' id='word_1_127' title='bbox 823 1041 1005 1083; x_wconf 85' lang='lat' dir='ltr'>magistra</span> <span class='ocrx_word' id='word_1_128' title='bbox 1032 1041 1205 1082; x_wconf 74' lang='lat' dir='ltr'>rationis,</span> <span class='ocrx_word' id='word_1_129' title='bbox 1238 1042 1279 1074; x_wconf 91' lang='lat' dir='ltr'>ut</span> <span class='ocrx_word' id='word_1_130' title='bbox 1307 1041 1405 1082; x_wconf 88' lang='lat' dir='ltr'>quod</span> <span class='ocrx_word' id='word_1_131' title='bbox 1429 1040 1568 1084; x_wconf 82' lang='lat' dir='ltr'>ligaret</span> <span class='ocrx_word' id='word_1_132' title='bbox 1592 1049 1705 1082; x_wconf 91' lang='lat' dir='ltr'>super</span> <span class='ocrx_word' id='word_1_133' title='bbox 1720 1041 1874 1080; x_wconf 86' lang='lat' dir='ltr'>terram,</span> 
     </span>
     <span class='ocr_line' id='line_1_15' title="bbox 251 1095 1875 1140; baseline -0.001 -12"><span class='ocrx_word' id='word_1_134' title='bbox 251 1097 410 1140; x_wconf 87' lang='lat' dir='ltr'>ligatum</span> <span class='ocrx_word' id='word_1_135' title='bbox 435 1101 533 1130; x_wconf 89' lang='lat' dir='ltr'>esset</span> <span class='ocrx_word' id='word_1_136' title='bbox 550 1097 641 1130; x_wconf 89' lang='lat' dir='ltr'>etin</span> <span class='ocrx_word' id='word_1_137' title='bbox 663 1095 766 1136; x_wconf 87' lang='lat' dir='ltr'>celis,</span> <span class='ocrx_word' id='word_1_138' title='bbox 785 1099 823 1129; x_wconf 87' lang='lat' dir='ltr'>et</span> <span class='ocrx_word' id='word_1_139' title='bbox 848 1096 946 1137; x_wconf 87' lang='lat' dir='ltr'>quod</span> <span class='ocrx_word' id='word_1_140' title='bbox 975 1095 1139 1130; x_wconf 85' lang='lat' dir='ltr'>solveret</span> <span class='ocrx_word' id='word_1_141' title='bbox 1168 1105 1281 1138; x_wconf 91' lang='lat' dir='ltr'>super</span> <span class='ocrx_word' id='word_1_142' title='bbox 1306 1098 1460 1136; x_wconf 85' lang='lat' dir='ltr'>terram,</span> <span class='ocrx_word' id='word_1_143' title='bbox 1474 1095 1637 1129; x_wconf 89' lang='lat' dir='ltr'>solutum</span> <span class='ocrx_word' id='word_1_144' title='bbox 1661 1095 1760 1128; x_wconf 91' lang='lat' dir='ltr'>esset</span> <span class='ocrx_word' id='word_1_145' title='bbox 1782 1095 1821 1128; x_wconf 90' lang='lat' dir='ltr'>et</span> <span class='ocrx_word' id='word_1_146' title='bbox 1835 1095 1875 1127; x_wconf 91' lang='lat' dir='ltr'>in</span> 
     </span>
     <span class='ocr_line' id='line_1_16' title="bbox 250 1149 1875 1193; baseline -0.001 -9"><span class='ocrx_word' id='word_1_147' title='bbox 250 1151 354 1192; x_wconf 79' lang='lat' dir='ltr'>celis,</span> <span class='ocrx_word' id='word_1_148' title='bbox 373 1153 554 1185; x_wconf 85' lang='lat' dir='ltr'>miramur</span> <span class='ocrx_word' id='word_1_149' title='bbox 571 1160 687 1192; x_wconf 89' lang='lat' dir='ltr'>quare</span> <span class='ocrx_word' id='word_1_150' title='bbox 703 1152 779 1193; x_wconf 90' lang='lat' dir='ltr'>jam</span> <span class='ocrx_word' id='word_1_151' title='bbox 797 1151 937 1184; x_wconf 88' lang='lat' dir='ltr'>dictum</span> <span class='ocrx_word' id='word_1_152' title='bbox 955 1150 1197 1184; x_wconf 87' lang='lat' dir='ltr'>Lambertum</span> <span class='ocrx_word' id='word_1_153' title='bbox 1215 1151 1459 1189; x_wconf 82' lang='lat' dir='ltr'>sacerdotem,</span> <span class='ocrx_word' id='word_1_154' title='bbox 1478 1151 1562 1192; x_wconf 88' lang='lat' dir='ltr'>post</span> <span class='ocrx_word' id='word_1_155' title='bbox 1585 1149 1875 1192; x_wconf 84' lang='lat' dir='ltr'>appellationem</span> 
     </span>
     <span class='ocr_line' id='line_1_17' title="bbox 251 1204 1876 1249; baseline -0.002 -9"><span class='ocrx_word' id='word_1_156' title='bbox 251 1207 295 1240; x_wconf 87' lang='lat' dir='ltr'>ad</span> <span class='ocrx_word' id='word_1_157' title='bbox 314 1217 380 1239; x_wconf 89' lang='lat' dir='ltr'>nos</span> <span class='ocrx_word' id='word_1_158' title='bbox 398 1208 545 1246; x_wconf 80' lang='lat' dir='ltr'>factam,</span> <span class='ocrx_word' id='word_1_159' title='bbox 565 1207 754 1249; x_wconf 87' lang='lat' dir='ltr'>captivare</span> <span class='ocrx_word' id='word_1_160' title='bbox 771 1208 808 1240; x_wconf 89' lang='lat' dir='ltr'>et</span> <span class='ocrx_word' id='word_1_161' title='bbox 824 1206 982 1239; x_wconf 88' lang='lat' dir='ltr'>vinculis</span> <span class='ocrx_word' id='word_1_162' title='bbox 1000 1206 1160 1248; x_wconf 85' lang='lat' dir='ltr'>alligare</span> <span class='ocrx_word' id='word_1_163' title='bbox 1178 1216 1252 1239; x_wconf 90' lang='lat' dir='ltr'>non</span> <span class='ocrx_word' id='word_1_164' title='bbox 1270 1205 1501 1239; x_wconf 84' lang='lat' dir='ltr'>formidastis</span> <span class='ocrx_word' id='word_1_165' title='bbox 1519 1206 1556 1239; x_wconf 88' lang='lat' dir='ltr'>et</span> <span class='ocrx_word' id='word_1_166' title='bbox 1571 1204 1816 1248; x_wconf 82' lang='lat' dir='ltr'>appellationi</span> <span class='ocrx_word' id='word_1_167' title='bbox 1833 1213 1876 1237; x_wconf 91' lang='lat' dir='ltr'>ac</span> 
     </span>
     <span class='ocr_line' id='line_1_18' title="bbox 249 1260 1632 1304; baseline -0.001 -10"><span class='ocrx_word' id='word_1_168' title='bbox 249 1263 425 1304; x_wconf 86' lang='lat' dir='ltr'>dignitati</span> <span class='ocrx_word' id='word_1_169' title='bbox 442 1262 541 1295; x_wconf 89' lang='lat' dir='ltr'>sedis</span> <span class='ocrx_word' id='word_1_170' title='bbox 560 1261 765 1304; x_wconf 86' lang='lat' dir='ltr'>apostolice</span> <span class='ocrx_word' id='word_1_171' title='bbox 782 1262 1047 1301; x_wconf 88' lang='lat' dir='ltr'>reverentiam,</span> <span class='ocrx_word' id='word_1_172' title='bbox 1066 1262 1108 1294; x_wconf 90' lang='lat' dir='ltr'>ut</span> <span class='ocrx_word' id='word_1_173' title='bbox 1124 1262 1319 1301; x_wconf 86' lang='lat' dir='ltr'>debuistis,</span> <span class='ocrx_word' id='word_1_174' title='bbox 1339 1270 1413 1293; x_wconf 89' lang='lat' dir='ltr'>non</span> <span class='ocrx_word' id='word_1_175' title='bbox 1431 1260 1632 1294; x_wconf 89' lang='lat' dir='ltr'>detulistis.</span> 
     </span>
    </p>

    <p class='ocr_par' dir='ltr' id='par_1_3' title="bbox 247 1314 1878 1684">
     <span class='ocr_line' id='line_1_19' title="bbox 292 1314 1878 1358; baseline -0.002 -9"><span class='ocrx_word' id='word_1_176' title='bbox 292 1317 475 1356; x_wconf 83' lang='lat' dir='ltr'>Quocirca</span> <span class='ocrx_word' id='word_1_177' title='bbox 490 1317 727 1350; x_wconf 84' lang='lat' dir='ltr'>universitati</span> <span class='ocrx_word' id='word_1_178' title='bbox 744 1318 868 1349; x_wconf 89' lang='lat' dir='ltr'>vestre</span> <span class='ocrx_word' id='word_1_179' title='bbox 891 1325 959 1358; x_wconf 88' lang='lat' dir='ltr'>per</span> <span class='ocrx_word' id='word_1_180' title='bbox 975 1315 1182 1358; x_wconf 86' lang='lat' dir='ltr'>apostolica</span> <span class='ocrx_word' id='word_1_181' title='bbox 1207 1317 1349 1358; x_wconf 86' lang='lat' dir='ltr'>scripta</span> <span class='ocrx_word' id='word_1_182' title='bbox 1366 1316 1576 1350; x_wconf 89' lang='lat' dir='ltr'>mandando</span> <span class='ocrx_word' id='word_1_183' title='bbox 1592 1314 1820 1358; x_wconf 90' lang='lat' dir='ltr'>precipimus</span> <span class='ocrx_word' id='word_1_184' title='bbox 1839 1314 1878 1347; x_wconf 92' lang='lat' dir='ltr'>et</span> 
     </span>
     <span class='ocr_line' id='line_1_20' title="bbox 251 1368 1877 1412; baseline 0 -10"><span class='ocrx_word' id='word_1_185' title='bbox 251 1370 410 1402; x_wconf 88' lang='lat' dir='ltr'>firmiter</span> <span class='ocrx_word' id='word_1_186' title='bbox 438 1369 684 1412; x_wconf 72' lang='lat' dir='ltr'>injungimus,</span> <span class='ocrx_word' id='word_1_187' title='bbox 713 1369 901 1410; x_wconf 86' lang='lat' dir='ltr'>quatinus,</span> <span class='ocrx_word' id='word_1_188' title='bbox 933 1369 1059 1401; x_wconf 87' lang='lat' dir='ltr'>statim</span> <span class='ocrx_word' id='word_1_189' title='bbox 1082 1369 1171 1401; x_wconf 89' lang='lat' dir='ltr'>visis</span> <span class='ocrx_word' id='word_1_190' title='bbox 1204 1368 1262 1401; x_wconf 88' lang='lat' dir='ltr'>his</span> <span class='ocrx_word' id='word_1_191' title='bbox 1281 1368 1420 1402; x_wconf 87' lang='lat' dir='ltr'>litteris</span> <span class='ocrx_word' id='word_1_192' title='bbox 1444 1368 1594 1408; x_wconf 87' lang='lat' dir='ltr'>nostris,</span> <span class='ocrx_word' id='word_1_193' title='bbox 1620 1376 1707 1411; x_wconf 89' lang='lat' dir='ltr'>sepe</span> <span class='ocrx_word' id='word_1_194' title='bbox 1735 1369 1877 1402; x_wconf 87' lang='lat' dir='ltr'>dictum</span> 
     </span>
     <span class='ocr_line' id='line_1_21' title="bbox 250 1423 1874 1465; baseline 0 -9"><span class='ocrx_word' id='word_1_195' title='bbox 250 1424 491 1457; x_wconf 89' lang='lat' dir='ltr'>Lambertum</span> <span class='ocrx_word' id='word_1_196' title='bbox 518 1433 540 1457; x_wconf 89' lang='lat' dir='ltr'>a</span> <span class='ocrx_word' id='word_1_197' title='bbox 569 1423 728 1457; x_wconf 88' lang='lat' dir='ltr'>vinculis</span> <span class='ocrx_word' id='word_1_198' title='bbox 760 1423 961 1456; x_wconf 88' lang='lat' dir='ltr'>absolvatis</span> <span class='ocrx_word' id='word_1_199' title='bbox 993 1425 1029 1456; x_wconf 89' lang='lat' dir='ltr'>et</span> <span class='ocrx_word' id='word_1_200' title='bbox 1064 1424 1111 1456; x_wconf 88' lang='lat' dir='ltr'>ad</span> <span class='ocrx_word' id='word_1_201' title='bbox 1146 1433 1212 1455; x_wconf 89' lang='lat' dir='ltr'>nos</span> <span class='ocrx_word' id='word_1_202' title='bbox 1245 1432 1358 1465; x_wconf 88' lang='lat' dir='ltr'>super</span> <span class='ocrx_word' id='word_1_203' title='bbox 1379 1423 1464 1463; x_wconf 86' lang='lat' dir='ltr'>hiis,</span> <span class='ocrx_word' id='word_1_204' title='bbox 1491 1432 1563 1465; x_wconf 90' lang='lat' dir='ltr'>que</span> <span class='ocrx_word' id='word_1_205' title='bbox 1587 1423 1623 1456; x_wconf 91' lang='lat' dir='ltr'>ei</span> <span class='ocrx_word' id='word_1_206' title='bbox 1647 1423 1874 1464; x_wconf 89' lang='lat' dir='ltr'>obiciuntur,</span> 
     </span>
     <span class='ocr_line' id='line_1_22' title="bbox 247 1477 1874 1521; baseline 0 -10"><span class='ocrx_word' id='word_1_207' title='bbox 247 1479 416 1521; x_wconf 88' lang='lat' dir='ltr'>plenarie</span> <span class='ocrx_word' id='word_1_208' title='bbox 450 1488 719 1521; x_wconf 88' lang='lat' dir='ltr'>responsurum</span> <span class='ocrx_word' id='word_1_209' title='bbox 741 1479 871 1511; x_wconf 87' lang='lat' dir='ltr'>venire</span> <span class='ocrx_word' id='word_1_210' title='bbox 898 1478 1141 1520; x_wconf 87' lang='lat' dir='ltr'>permittatis.</span> <span class='ocrx_word' id='word_1_211' title='bbox 1172 1478 1211 1512; x_wconf 89' lang='lat' dir='ltr'>Si</span> <span class='ocrx_word' id='word_1_212' title='bbox 1237 1479 1320 1519; x_wconf 89' lang='lat' dir='ltr'>quis</span> <span class='ocrx_word' id='word_1_213' title='bbox 1345 1480 1470 1511; x_wconf 87' lang='lat' dir='ltr'>autem</span> <span class='ocrx_word' id='word_1_214' title='bbox 1498 1477 1641 1520; x_wconf 86' lang='lat' dir='ltr'>aliquid</span> <span class='ocrx_word' id='word_1_215' title='bbox 1663 1477 1700 1512; x_wconf 86' lang='lat' dir='ltr'>ei</span> <span class='ocrx_word' id='word_1_216' title='bbox 1723 1479 1874 1512; x_wconf 87' lang='lat' dir='ltr'>obicere</span> 
     </span>
     <span class='ocr_line' id='line_1_23' title="bbox 248 1529 1872 1574; baseline 0 -11"><span class='ocrx_word' id='word_1_217' title='bbox 248 1531 422 1571; x_wconf 86' lang='lat' dir='ltr'>voluerit,</span> <span class='ocrx_word' id='word_1_218' title='bbox 439 1540 508 1573; x_wconf 91' lang='lat' dir='ltr'>per</span> <span class='ocrx_word' id='word_1_219' title='bbox 523 1540 563 1564; x_wconf 91' lang='lat' dir='ltr'>se</span> <span class='ocrx_word' id='word_1_220' title='bbox 579 1530 637 1564; x_wconf 91' lang='lat' dir='ltr'>vel</span> <span class='ocrx_word' id='word_1_221' title='bbox 662 1539 730 1574; x_wconf 87' lang='lat' dir='ltr'>per</span> <span class='ocrx_word' id='word_1_222' title='bbox 747 1531 919 1564; x_wconf 89' lang='lat' dir='ltr'>nuntium</span> <span class='ocrx_word' id='word_1_223' title='bbox 944 1539 1063 1570; x_wconf 87' lang='lat' dir='ltr'>suum,</span> <span class='ocrx_word' id='word_1_224' title='bbox 1082 1539 1167 1563; x_wconf 92' lang='lat' dir='ltr'>cum</span> <span class='ocrx_word' id='word_1_225' title='bbox 1190 1529 1328 1563; x_wconf 87' lang='lat' dir='ltr'>litteris</span> <span class='ocrx_word' id='word_1_226' title='bbox 1352 1531 1477 1563; x_wconf 88' lang='lat' dir='ltr'>tamen</span> <span class='ocrx_word' id='word_1_227' title='bbox 1500 1531 1647 1570; x_wconf 87' lang='lat' dir='ltr'>vestris,</span> <span class='ocrx_word' id='word_1_228' title='bbox 1681 1531 1808 1564; x_wconf 85' lang='lat' dir='ltr'>nostro</span> <span class='ocrx_word' id='word_1_229' title='bbox 1832 1539 1872 1564; x_wconf 90' lang='lat' dir='ltr'>se</span> 
     </span>
     <span class='ocr_line' id='line_1_24' title="bbox 247 1586 1874 1630; baseline 0.001 -11"><span class='ocrx_word' id='word_1_230' title='bbox 247 1587 463 1629; x_wconf 89' lang='lat' dir='ltr'>conspectui</span> <span class='ocrx_word' id='word_1_231' title='bbox 487 1588 733 1630; x_wconf 86' lang='lat' dir='ltr'>representet,</span> <span class='ocrx_word' id='word_1_232' title='bbox 752 1588 790 1620; x_wconf 87' lang='lat' dir='ltr'>et</span> <span class='ocrx_word' id='word_1_233' title='bbox 813 1588 914 1626; x_wconf 82' lang='lat' dir='ltr'>tunc,</span> <span class='ocrx_word' id='word_1_234' title='bbox 942 1587 972 1619; x_wconf 89' lang='lat' dir='ltr'>si</span> <span class='ocrx_word' id='word_1_235' title='bbox 997 1586 1086 1628; x_wconf 91' lang='lat' dir='ltr'>quid</span> <span class='ocrx_word' id='word_1_236' title='bbox 1115 1587 1154 1619; x_wconf 90' lang='lat' dir='ltr'>in</span> <span class='ocrx_word' id='word_1_237' title='bbox 1178 1595 1222 1620; x_wconf 91' lang='lat' dir='ltr'>eo</span> <span class='ocrx_word' id='word_1_238' title='bbox 1247 1586 1547 1629; x_wconf 87' lang='lat' dir='ltr'>reprehensibile</span> <span class='ocrx_word' id='word_1_239' title='bbox 1573 1587 1874 1630; x_wconf 84' lang='lat' dir='ltr'>cognoverimus,</span> 
     </span>
     <span class='ocr_line' id='line_1_25' title="bbox 247 1642 1043 1684; baseline -0.001 -10"><span class='ocrx_word' id='word_1_240' title='bbox 247 1651 321 1683; x_wconf 91' lang='lat' dir='ltr'>qua</span> <span class='ocrx_word' id='word_1_241' title='bbox 337 1642 514 1675; x_wconf 91' lang='lat' dir='ltr'>debemus</span> <span class='ocrx_word' id='word_1_242' title='bbox 537 1642 771 1675; x_wconf 84' lang='lat' dir='ltr'>districtione</span> <span class='ocrx_word' id='word_1_243' title='bbox 794 1642 1043 1684; x_wconf 87' lang='lat' dir='ltr'>corrigemus.</span> 
     </span>
    </p>

    <p class='ocr_par' dir='ltr' id='par_1_4' title="bbox 247 1696 1875 2114">
     <span class='ocr_line' id='line_1_26' title="bbox 291 1696 1874 1739; baseline -0.001 -9"><span class='ocrx_word' id='word_1_244' title='bbox 291 1697 473 1730; x_wconf 86' lang='lat' dir='ltr'>Preterea</span> <span class='ocrx_word' id='word_1_245' title='bbox 491 1697 536 1730; x_wconf 93' lang='lat' dir='ltr'>de</span> <span class='ocrx_word' id='word_1_246' title='bbox 550 1697 677 1736; x_wconf 90' lang='lat' dir='ltr'>Petro,</span> <span class='ocrx_word' id='word_1_247' title='bbox 698 1697 884 1737; x_wconf 74' lang='lat' dir='ltr'>servatio,</span> <span class='ocrx_word' id='word_1_248' title='bbox 901 1696 1117 1736; x_wconf 89' lang='lat' dir='ltr'>Wederico,</span> <span class='ocrx_word' id='word_1_249' title='bbox 1136 1696 1337 1737; x_wconf 88' lang='lat' dir='ltr'>Warnero,</span> <span class='ocrx_word' id='word_1_250' title='bbox 1356 1696 1506 1730; x_wconf 88' lang='lat' dir='ltr'>Cesario</span> <span class='ocrx_word' id='word_1_251' title='bbox 1518 1697 1751 1739; x_wconf 86' lang='lat' dir='ltr'>presbiteris,</span> <span class='ocrx_word' id='word_1_252' title='bbox 1767 1705 1874 1738; x_wconf 85' lang='lat' dir='ltr'>quos,</span> 
     </span>
     <span class='ocr_line' id='line_1_27' title="bbox 248 1751 1874 1798; baseline 0 -14"><span class='ocrx_word' id='word_1_253' title='bbox 248 1754 290 1784; x_wconf 89' lang='lat' dir='ltr'>ut</span> <span class='ocrx_word' id='word_1_254' title='bbox 306 1752 528 1794; x_wconf 89' lang='lat' dir='ltr'>audivimus,</span> <span class='ocrx_word' id='word_1_255' title='bbox 547 1752 670 1784; x_wconf 89' lang='lat' dir='ltr'>officio</span> <span class='ocrx_word' id='word_1_256' title='bbox 688 1753 726 1785; x_wconf 92' lang='lat' dir='ltr'>et</span> <span class='ocrx_word' id='word_1_257' title='bbox 742 1751 925 1784; x_wconf 88' lang='lat' dir='ltr'>beneficio</span> <span class='ocrx_word' id='word_1_258' title='bbox 942 1751 1130 1793; x_wconf 87' lang='lat' dir='ltr'>privastis,</span> <span class='ocrx_word' id='word_1_259' title='bbox 1149 1760 1288 1793; x_wconf 89' lang='lat' dir='ltr'>eosque</span> <span class='ocrx_word' id='word_1_260' title='bbox 1313 1752 1421 1784; x_wconf 82' lang='lat' dir='ltr'>extra</span> <span class='ocrx_word' id='word_1_261' title='bbox 1437 1751 1693 1794; x_wconf 87' lang='lat' dir='ltr'>episcopatum</span> <span class='ocrx_word' id='word_1_262' title='bbox 1708 1753 1874 1798; x_wconf 83' lang='lat' dir='ltr'>vestrum</span> 
     </span>
     <span class='ocr_line' id='line_1_28' title="bbox 247 1805 1875 1848; baseline -0.001 -9"><span class='ocrx_word' id='word_1_263' title='bbox 247 1806 458 1848; x_wconf 80' lang='lat' dir='ltr'>expulistis,</span> <span class='ocrx_word' id='word_1_264' title='bbox 477 1815 520 1839; x_wconf 90' lang='lat' dir='ltr'>eo</span> <span class='ocrx_word' id='word_1_265' title='bbox 539 1806 637 1848; x_wconf 92' lang='lat' dir='ltr'>quod</span> <span class='ocrx_word' id='word_1_266' title='bbox 654 1814 741 1848; x_wconf 91' lang='lat' dir='ltr'>sepe</span> <span class='ocrx_word' id='word_1_267' title='bbox 757 1806 834 1839; x_wconf 82' lang='lat' dir='ltr'>fato</span> <span class='ocrx_word' id='word_1_268' title='bbox 854 1805 1054 1839; x_wconf 84' lang='lat' dir='ltr'>Lamberto</span> <span class='ocrx_word' id='word_1_269' title='bbox 1072 1805 1331 1838; x_wconf 80' lang='lat' dir='ltr'>familiaritate</span> <span class='ocrx_word' id='word_1_270' title='bbox 1355 1806 1515 1846; x_wconf 84' lang='lat' dir='ltr'>quadam</span> <span class='ocrx_word' id='word_1_271' title='bbox 1529 1805 1650 1848; x_wconf 79' lang='lat' dir='ltr'>J&#39;uncti</span> <span class='ocrx_word' id='word_1_272' title='bbox 1673 1807 1782 1840; x_wconf 89' lang='lat' dir='ltr'>erant</span> <span class='ocrx_word' id='word_1_273' title='bbox 1805 1814 1875 1839; x_wconf 85' lang='lat' dir='ltr'>nec</span> 
     </span>
     <span class='ocr_line' id='line_1_29' title="bbox 248 1860 1875 1904; baseline -0.001 -9"><span class='ocrx_word' id='word_1_274' title='bbox 248 1871 333 1895; x_wconf 88' lang='lat' dir='ltr'>eum</span> <span class='ocrx_word' id='word_1_275' title='bbox 350 1864 530 1904; x_wconf 85' lang='lat' dir='ltr'>tanquam</span> <span class='ocrx_word' id='word_1_276' title='bbox 546 1861 757 1895; x_wconf 89' lang='lat' dir='ltr'>hereticum</span> <span class='ocrx_word' id='word_1_277' title='bbox 774 1861 950 1903; x_wconf 87' lang='lat' dir='ltr'>abjurare</span> <span class='ocrx_word' id='word_1_278' title='bbox 973 1860 1161 1900; x_wconf 81' lang='lat' dir='ltr'>volebant,</span> <span class='ocrx_word' id='word_1_279' title='bbox 1180 1861 1357 1902; x_wconf 89' lang='lat' dir='ltr'>quoniam</span> <span class='ocrx_word' id='word_1_280' title='bbox 1382 1870 1494 1903; x_wconf 89' lang='lat' dir='ltr'>super</span> <span class='ocrx_word' id='word_1_281' title='bbox 1518 1861 1675 1903; x_wconf 84' lang='lat' dir='ltr'>objectis</span> <span class='ocrx_word' id='word_1_282' title='bbox 1699 1862 1771 1895; x_wconf 90' lang='lat' dir='ltr'>sibi</span> <span class='ocrx_word' id='word_1_283' title='bbox 1787 1870 1875 1895; x_wconf 89' lang='lat' dir='ltr'>eum</span> 
     </span>
     <span class='ocr_line' id='line_1_30' title="bbox 248 1916 1872 1959; baseline -0.001 -9"><span class='ocrx_word' id='word_1_284' title='bbox 248 1918 293 1951; x_wconf 91' lang='lat' dir='ltr'>ad</span> <span class='ocrx_word' id='word_1_285' title='bbox 323 1927 389 1950; x_wconf 88' lang='lat' dir='ltr'>nos</span> <span class='ocrx_word' id='word_1_286' title='bbox 418 1916 626 1959; x_wconf 87' lang='lat' dir='ltr'>appellasse</span> <span class='ocrx_word' id='word_1_287' title='bbox 654 1916 942 1959; x_wconf 87' lang='lat' dir='ltr'>cognoscebant,</span> <span class='ocrx_word' id='word_1_288' title='bbox 975 1916 1213 1949; x_wconf 85' lang='lat' dir='ltr'>universitati</span> <span class='ocrx_word' id='word_1_289' title='bbox 1242 1917 1365 1949; x_wconf 86' lang='lat' dir='ltr'>vestre</span> <span class='ocrx_word' id='word_1_290' title='bbox 1393 1916 1603 1950; x_wconf 89' lang='lat' dir='ltr'>mandando</span> <span class='ocrx_word' id='word_1_291' title='bbox 1630 1916 1872 1959; x_wconf 90' lang='lat' dir='ltr'>precipimus,</span> 
     </span>
     <span class='ocr_line' id='line_1_31' title="bbox 248 1970 1874 2014; baseline -0.001 -9"><span class='ocrx_word' id='word_1_292' title='bbox 248 1973 422 2014; x_wconf 83' lang='lat' dir='ltr'>quatinus</span> <span class='ocrx_word' id='word_1_293' title='bbox 440 1982 504 2006; x_wconf 87' lang='lat' dir='ltr'>eos</span> <span class='ocrx_word' id='word_1_294' title='bbox 532 1972 614 2005; x_wconf 88' lang='lat' dir='ltr'>sine</span> <span class='ocrx_word' id='word_1_295' title='bbox 636 1971 819 2004; x_wconf 87' lang='lat' dir='ltr'>dilatione</span> <span class='ocrx_word' id='word_1_296' title='bbox 847 1970 970 2003; x_wconf 87' lang='lat' dir='ltr'>officio</span> <span class='ocrx_word' id='word_1_297' title='bbox 995 1980 1061 2004; x_wconf 91' lang='lat' dir='ltr'>suo</span> <span class='ocrx_word' id='word_1_298' title='bbox 1092 1971 1130 2003; x_wconf 85' lang='lat' dir='ltr'>et</span> <span class='ocrx_word' id='word_1_299' title='bbox 1157 1971 1340 2004; x_wconf 87' lang='lat' dir='ltr'>beneficio</span> <span class='ocrx_word' id='word_1_300' title='bbox 1370 1971 1409 2003; x_wconf 89' lang='lat' dir='ltr'>in</span> <span class='ocrx_word' id='word_1_301' title='bbox 1437 1980 1530 2013; x_wconf 93' lang='lat' dir='ltr'>pace</span> <span class='ocrx_word' id='word_1_302' title='bbox 1552 1971 1608 2004; x_wconf 89' lang='lat' dir='ltr'>uti</span> <span class='ocrx_word' id='word_1_303' title='bbox 1632 1971 1874 2014; x_wconf 84' lang='lat' dir='ltr'>permittatis,</span> 
     </span>
     <span class='ocr_line' id='line_1_32' title="bbox 248 2024 1874 2069; baseline 0 -10"><span class='ocrx_word' id='word_1_304' title='bbox 248 2027 367 2059; x_wconf 88' lang='lat' dir='ltr'>donec</span> <span class='ocrx_word' id='word_1_305' title='bbox 394 2027 439 2059; x_wconf 89' lang='lat' dir='ltr'>de</span> <span class='ocrx_word' id='word_1_306' title='bbox 467 2026 538 2066; x_wconf 84' lang='lat' dir='ltr'>his,</span> <span class='ocrx_word' id='word_1_307' title='bbox 567 2034 638 2067; x_wconf 91' lang='lat' dir='ltr'>que</span> <span class='ocrx_word' id='word_1_308' title='bbox 669 2034 756 2068; x_wconf 89' lang='lat' dir='ltr'>sepe</span> <span class='ocrx_word' id='word_1_309' title='bbox 784 2026 991 2058; x_wconf 86' lang='lat' dir='ltr'>memorato</span> <span class='ocrx_word' id='word_1_310' title='bbox 1018 2025 1218 2058; x_wconf 87' lang='lat' dir='ltr'>Lamberto</span> <span class='ocrx_word' id='word_1_311' title='bbox 1245 2025 1473 2067; x_wconf 84' lang='lat' dir='ltr'>obiciuntur,</span> <span class='ocrx_word' id='word_1_312' title='bbox 1506 2024 1617 2068; x_wconf 88' lang='lat' dir='ltr'>plene</span> <span class='ocrx_word' id='word_1_313' title='bbox 1645 2034 1874 2069; x_wconf 86' lang='lat' dir='ltr'>cognoscere</span> 
     </span>
     <span class='ocr_line' id='line_1_33' title="bbox 248 2081 455 2114; baseline -0.005 0"><span class='ocrx_word' id='word_1_314' title='bbox 248 2081 455 2114; x_wconf 84' lang='lat' dir='ltr'>valeamus.</span> 
     </span>
    </p>

    <p class='ocr_par' dir='ltr' id='par_1_5' title="bbox 292 2133 1481 2178">
     <span class='ocr_line' id='line_1_34' title="bbox 292 2133 1481 2178; baseline 0 -9"><span class='ocrx_word' id='word_1_315' title='bbox 292 2136 429 2169; x_wconf 88' lang='lat' dir='ltr'>Datum</span> <span class='ocrx_word' id='word_1_316' title='bbox 447 2136 546 2178; x_wconf 88' lang='lat' dir='ltr'>apud</span> <span class='ocrx_word' id='word_1_317' title='bbox 562 2136 739 2169; x_wconf 87' lang='lat' dir='ltr'>Sanctum</span> <span class='ocrx_word' id='word_1_318' title='bbox 757 2134 989 2176; x_wconf 86' lang='lat' dir='ltr'>Flavianum,</span> <span class='ocrx_word' id='word_1_319' title='bbox 1008 2133 1085 2168; x_wconf 92' lang='lat' dir='ltr'>IIII</span> <span class='ocrx_word' id='word_1_320' title='bbox 1104 2143 1221 2168; x_wconf 89' lang='lat' dir='ltr'>nonas</span> <span class='ocrx_word' id='word_1_321' title='bbox 1238 2134 1481 2177; x_wconf 88' lang='lat' dir='ltr'>Septembris.</span> 
     </span>
    </p>
   </div>
   <div class='ocr_carea' id='block_1_3' title="bbox 596 2231 1873 2493">
    <p class='ocr_par' dir='ltr' id='par_1_6' title="bbox 596 2231 1873 2493">
     <span class='ocr_line' id='line_1_35' title="bbox 596 2231 1869 2276; baseline -0.001 -9"><span class='ocrx_word' id='word_1_322' title='bbox 596 2234 669 2267; x_wconf 89' lang='lat' dir='ltr'>HS.</span> <span class='ocrx_word' id='word_1_323' title='bbox 696 2233 738 2272; x_wconf 85' lang='lat' dir='ltr'>Q.</span> <span class='ocrx_word' id='word_1_324' title='bbox 774 2234 806 2267; x_wconf 89' lang='lat'>9.</span> <span class='ocrx_word' id='word_1_325' title='bbox 833 2233 895 2267; x_wconf 76' lang='lat'>182</span> <span class='ocrx_word' id='word_1_326' title='bbox 910 2232 988 2265; x_wconf 81' lang='lat' dir='ltr'>&#39;van</span> <span class='ocrx_word' id='word_1_327' title='bbox 1023 2231 1088 2265; x_wconf 90' lang='lat' dir='ltr'>het</span> <span class='ocrx_word' id='word_1_328' title='bbox 1120 2231 1291 2265; x_wconf 89' lang='lat' dir='ltr'>Museum</span> <span class='ocrx_word' id='word_1_329' title='bbox 1327 2232 1603 2266; x_wconf 89' lang='lat' dir='ltr'>Hunterianum</span> <span class='ocrx_word' id='word_1_330' title='bbox 1628 2233 1667 2266; x_wconf 89' lang='lat' dir='ltr'>te</span> <span class='ocrx_word' id='word_1_331' title='bbox 1694 2232 1869 2276; x_wconf 85' lang='lat' dir='ltr'>Glasgow</span> 
     </span>
     <span class='ocr_line' id='line_1_36' title="bbox 634 2285 1868 2331; baseline 0.001 -12"><span class='ocrx_word' id='word_1_332' title='bbox 634 2288 705 2330; x_wconf 78' lang='lat'>(12⁰</span> <span class='ocrx_word' id='word_1_333' title='bbox 721 2286 856 2331; x_wconf 85' lang='lat' dir='ltr'>eeuw);</span> <span class='ocrx_word' id='word_1_334' title='bbox 885 2285 1090 2329; x_wconf 82' lang='lat' dir='ltr'>afgedrukt</span> <span class='ocrx_word' id='word_1_335' title='bbox 1106 2286 1154 2327; x_wconf 88' lang='lat' dir='ltr'>bij</span> <span class='ocrx_word' id='word_1_336' title='bbox 1175 2285 1310 2328; x_wconf 86' lang='lat' dir='ltr'>Ulysse</span> <span class='ocrx_word' id='word_1_337' title='bbox 1326 2286 1483 2328; x_wconf 88' lang='lat' dir='ltr'>Robert,</span> <span class='ocrx_word' id='word_1_338' title='bbox 1500 2285 1670 2321; x_wconf 80' lang='lat' dir='ltr'>Bullaz&#39;re</span> <span class='ocrx_word' id='word_1_339' title='bbox 1694 2285 1747 2320; x_wconf 82' lang='lat' dir='ltr'>du</span> <span class='ocrx_word' id='word_1_340' title='bbox 1765 2296 1868 2331; x_wconf 78' lang='lat' dir='ltr'>pape</span> 
     </span>
     <span class='ocr_line' id='line_1_37' title="bbox 641 2340 1873 2381; baseline 0 -6"><span class='ocrx_word' id='word_1_341' title='bbox 641 2341 780 2376; x_wconf 77' lang='lat' dir='ltr'>Calioete</span> <span class='ocrx_word' id='word_1_342' title='bbox 793 2341 843 2381; x_wconf 91' lang='lat' dir='ltr'>II,</span> <span class='ocrx_word' id='word_1_343' title='bbox 862 2341 944 2374; x_wconf 90' lang='lat' dir='ltr'>deel</span> <span class='ocrx_word' id='word_1_344' title='bbox 962 2340 1012 2381; x_wconf 89' lang='lat' dir='ltr'>II,</span> <span class='ocrx_word' id='word_1_345' title='bbox 1031 2340 1099 2373; x_wconf 92' lang='lat' dir='ltr'>blz.</span> <span class='ocrx_word' id='word_1_346' title='bbox 1122 2341 1198 2380; x_wconf 82' lang='lat'>293,</span> <span class='ocrx_word' id='word_1_347' title='bbox 1217 2347 1256 2373; x_wconf 72' lang='lat' dir='ltr'>nr</span> <span class='ocrx_word' id='word_1_348' title='bbox 1271 2341 1347 2375; x_wconf 83' lang='lat'><strong>480.</strong></span> <span class='ocrx_word' id='word_1_349' title='bbox 1366 2360 1407 2365; x_wconf 97' lang='lat'><strong>—</strong></span> <span class='ocrx_word' id='word_1_350' title='bbox 1421 2341 1502 2374; x_wconf 87' lang='lat' dir='ltr'>Een</span> <span class='ocrx_word' id='word_1_351' title='bbox 1516 2342 1588 2375; x_wconf 87' lang='lat' dir='ltr'>San</span> <span class='ocrx_word' id='word_1_352' title='bbox 1604 2341 1783 2375; x_wconf 86' lang='lat' dir='ltr'>Flaviano</span> <span class='ocrx_word' id='word_1_353' title='bbox 1796 2351 1873 2375; x_wconf 84' lang='lat' dir='ltr'>was</span> 
     </span>
     <span class='ocr_line' id='line_1_38' title="bbox 635 2395 1872 2438; baseline 0.002 -9"><span class='ocrx_word' id='word_1_354' title='bbox 635 2398 672 2429; x_wconf 90' lang='lat' dir='ltr'>in</span> <span class='ocrx_word' id='word_1_355' title='bbox 691 2398 736 2430; x_wconf 91' lang='lat' dir='ltr'>de</span> <span class='ocrx_word' id='word_1_356' title='bbox 754 2396 1051 2430; x_wconf 87' lang='lat' dir='ltr'>middeleeuwen</span> <span class='ocrx_word' id='word_1_357' title='bbox 1068 2396 1105 2428; x_wconf 92' lang='lat' dir='ltr'>te</span> <span class='ocrx_word' id='word_1_358' title='bbox 1121 2395 1259 2428; x_wconf 86' lang='lat' dir='ltr'>vinden</span> <span class='ocrx_word' id='word_1_359' title='bbox 1277 2397 1325 2438; x_wconf 84' lang='lat' dir='ltr'>bij</span> <span class='ocrx_word' id='word_1_360' title='bbox 1344 2396 1511 2437; x_wconf 81' lang='lat' dir='ltr'>Viterbo,</span> <span class='ocrx_word' id='word_1_361' title='bbox 1526 2405 1595 2430; x_wconf 87' lang='lat' dir='ltr'>een</span> <span class='ocrx_word' id='word_1_362' title='bbox 1612 2397 1756 2431; x_wconf 87' lang='lat' dir='ltr'>tweede</span> <span class='ocrx_word' id='word_1_363' title='bbox 1768 2397 1808 2430; x_wconf 90' lang='lat' dir='ltr'>in</span> <span class='ocrx_word' id='word_1_364' title='bbox 1825 2396 1872 2431; x_wconf 85' lang='lat' dir='ltr'>de</span> 
     </span>
     <span class='ocr_line' id='line_1_39' title="bbox 638 2450 1572 2493; baseline 0 -7"><span class='ocrx_word' id='word_1_365' title='bbox 638 2453 810 2493; x_wconf 90' lang='lat' dir='ltr'>Abruzzi,</span> <span class='ocrx_word' id='word_1_366' title='bbox 828 2451 927 2486; x_wconf 87' lang='lat' dir='ltr'>welk</span> <span class='ocrx_word' id='word_1_367' title='bbox 944 2451 1076 2485; x_wconf 84' lang='lat' dir='ltr'>laatste</span> <span class='ocrx_word' id='word_1_368' title='bbox 1095 2450 1217 2484; x_wconf 86' lang='lat' dir='ltr'>heden</span> <span class='ocrx_word' id='word_1_369' title='bbox 1237 2451 1458 2485; x_wconf 86' lang='lat' dir='ltr'>Giulianova</span> <span class='ocrx_word' id='word_1_370' title='bbox 1474 2451 1572 2487; x_wconf 88' lang='lat' dir='ltr'>heet.</span> 
     </span>
    </p>
   </div>
   <div class='ocr_carea' id='block_1_4' title="bbox 931 2603 1167 2670">
    <p class='ocr_par' dir='ltr' id='par_1_7' title="bbox 931 2603 1167 2670">
     <span class='ocr_line' id='line_1_40' title="bbox 931 2603 1167 2670; baseline -0.008 -15"><span class='ocrx_word' id='word_1_371' title='bbox 931 2611 995 2655; x_wconf 87' lang='lat'>14</span> <span class='ocrx_word' id='word_1_372' title='bbox 1028 2603 1167 2670; x_wconf 84' lang='lat'>(46⁵).</span> 
     </span>
    </p>
   </div>
   <div class='ocr_carea' id='block_1_5' title="bbox 241 2744 1868 3009">
    <p class='ocr_par' dir='ltr' id='par_1_8' title="bbox 241 2744 1868 3009">
     <span class='ocr_line' id='line_1_41' title="bbox 303 2744 1868 2806; baseline -0.003 -14"><span class='ocrx_word' id='word_1_373' title='bbox 303 2752 357 2806; x_wconf 85' lang='lat' dir='ltr'>(c.</span> <span class='ocrx_word' id='word_1_374' title='bbox 383 2751 634 2803; x_wconf 87' lang='lat'>1175-1177,</span> <span class='ocrx_word' id='word_1_375' title='bbox 670 2747 792 2790; x_wconf 77' lang='lat' dir='ltr'><em>Luik</em></span> <span class='ocrx_word' id='word_1_376' title='bbox 811 2747 850 2802; x_wconf 73' lang='grc'>,2)</span> <span class='ocrx_word' id='word_1_377' title='bbox 881 2744 1192 2790; x_wconf 85' lang='lat' dir='ltr'>Smeekschrift</span> <span class='ocrx_word' id='word_1_378' title='bbox 1215 2758 1299 2788; x_wconf 87' lang='lat' dir='ltr'>van</span> <span class='ocrx_word' id='word_1_379' title='bbox 1323 2756 1460 2789; x_wconf 88' lang='lat' dir='ltr'>eenen</span> <span class='ocrx_word' id='word_1_380' title='bbox 1493 2744 1571 2788; x_wconf 88' lang='lat' dir='ltr'>der</span> <span class='ocrx_word' id='word_1_381' title='bbox 1593 2744 1868 2801; x_wconf 84' lang='lat' dir='ltr'>aanhangers</span> 
     </span>
     <span class='ocr_line' id='line_1_42' title="bbox 243 2811 1868 2872; baseline -0.004 -11"><span class='ocrx_word' id='word_1_382' title='bbox 243 2831 329 2861; x_wconf 86' lang='lat' dir='ltr'>van</span> <span class='ocrx_word' id='word_1_383' title='bbox 352 2819 549 2861; x_wconf 86' lang='lat' dir='ltr'>Lambert</span> <span class='ocrx_word' id='word_1_384' title='bbox 574 2817 613 2860; x_wconf 88' lang='lat' dir='ltr'>le</span> <span class='ocrx_word' id='word_1_385' title='bbox 636 2815 781 2872; x_wconf 76' lang='lat' dir='ltr'>Begue</span> <span class='ocrx_word' id='word_1_386' title='bbox 801 2828 884 2859; x_wconf 85' lang='lat' dir='ltr'>aan</span> <span class='ocrx_word' id='word_1_387' title='bbox 907 2813 990 2857; x_wconf 88' lang='lat' dir='ltr'>den</span> <span class='ocrx_word' id='word_1_388' title='bbox 1008 2827 1129 2870; x_wconf 88' lang='lat' dir='ltr'>paus,</span> <span class='ocrx_word' id='word_1_389' title='bbox 1152 2811 1319 2856; x_wconf 86' lang='lat' dir='ltr'>waarin</span> <span class='ocrx_word' id='word_1_390' title='bbox 1336 2813 1396 2871; x_wconf 89' lang='lat' dir='ltr'>hij</span> <span class='ocrx_word' id='word_1_391' title='bbox 1420 2813 1514 2856; x_wconf 86' lang='lat' dir='ltr'>zich</span> <span class='ocrx_word' id='word_1_392' title='bbox 1536 2813 1685 2856; x_wconf 87' lang='lat' dir='ltr'>zelven</span> <span class='ocrx_word' id='word_1_393' title='bbox 1704 2826 1758 2856; x_wconf 85' lang='lat' dir='ltr'>en</span> <span class='ocrx_word' id='word_1_394' title='bbox 1774 2813 1868 2855; x_wconf 85' lang='lat' dir='ltr'>vier</span> 
     </span>
     <span class='ocr_line' id='line_1_43' title="bbox 242 2881 1866 2943; baseline -0.004 -14"><span class='ocrx_word' id='word_1_395' title='bbox 242 2886 378 2943; x_wconf 84' lang='lat' dir='ltr'>zijner</span> <span class='ocrx_word' id='word_1_396' title='bbox 399 2885 606 2942; x_wconf 85' lang='lat' dir='ltr'>afwezige</span> <span class='ocrx_word' id='word_1_397' title='bbox 623 2884 834 2928; x_wconf 86' lang='lat' dir='ltr'>vrienden</span> <span class='ocrx_word' id='word_1_398' title='bbox 852 2882 1128 2939; x_wconf 83' lang='lat' dir='ltr'>beschuldigt</span> <span class='ocrx_word' id='word_1_399' title='bbox 1144 2895 1227 2925; x_wconf 86' lang='lat' dir='ltr'>van</span> <span class='ocrx_word' id='word_1_400' title='bbox 1246 2881 1308 2925; x_wconf 88' lang='lat' dir='ltr'>uit</span> <span class='ocrx_word' id='word_1_401' title='bbox 1324 2881 1484 2939; x_wconf 83' lang='lat' dir='ltr'>dwang</span> <span class='ocrx_word' id='word_1_402' title='bbox 1500 2895 1555 2925; x_wconf 90' lang='lat' dir='ltr'>en</span> <span class='ocrx_word' id='word_1_403' title='bbox 1572 2881 1718 2925; x_wconf 89' lang='lat' dir='ltr'>schrik</span> <span class='ocrx_word' id='word_1_404' title='bbox 1736 2885 1866 2938; x_wconf 85' lang='lat' dir='ltr'>tegen</span> 
     </span>
     <span class='ocr_line' id='line_1_44' title="bbox 241 2949 1866 3009; baseline -0.004 -10"><span class='ocrx_word' id='word_1_405' title='bbox 241 2954 495 2999; x_wconf 86' lang='lat' dir='ltr'>Lambertus</span> <span class='ocrx_word' id='word_1_406' title='bbox 537 2968 616 2997; x_wconf 87' lang='lat' dir='ltr'>een</span> <span class='ocrx_word' id='word_1_407' title='bbox 661 2952 836 2998; x_wconf 88' lang='lat' dir='ltr'>valsche</span> <span class='ocrx_word' id='word_1_408' title='bbox 878 2951 1122 3009; x_wconf 86' lang='lat' dir='ltr'>getuigenis</span> <span class='ocrx_word' id='word_1_409' title='bbox 1160 2953 1204 2994; x_wconf 86' lang='lat' dir='ltr'>te</span> <span class='ocrx_word' id='word_1_410' title='bbox 1242 2949 1411 2994; x_wconf 87' lang='lat' dir='ltr'>hebben</span> <span class='ocrx_word' id='word_1_411' title='bbox 1447 2949 1708 3007; x_wconf 87' lang='lat' dir='ltr'>gesproken.</span> <span class='ocrx_word' id='word_1_412' title='bbox 1732 2975 1786 2982; x_wconf 97' lang='lat'><strong>—</strong></span> <span class='ocrx_word' id='word_1_413' title='bbox 1805 2951 1866 2994; x_wconf 89' lang='lat' dir='ltr'>De</span> 
     </span>
    </p>
   </div>
  </div>
 </body>
</html>
