2050 3470
798 243 936 279 ANNO
963 242 1049 275 1397
1684 238 1750 271 169

104 365 184 404 bus,
198 362 240 396 ut
257 362 335 395 Deo
359 359 524 393 inuicem
539 357 709 392 seruiant
724 357 764 390 in
788 355 1013 399 paupertate
1043 354 1082 388 et
1110 353 1284 387 castitate
1301 353 1516 395 ceterisque
1540 351 1746 385 virtutibus

102 419 224 452 libere
252 416 539 455 conuersentur,
565 415 603 448 et
626 413 930 447 contradictores
961 420 1030 454 per
1047 418 1245 444 censuram
1270 408 1564 442 ecclesiasticam
1581 415 1749 449 compes-

103 483 203 514 cere,
216 470 477 516 appcllacione
494 469 769 512 postposita‚ut
787 468 893 511 patet
910 467 947 499 in
965 466 1239 508 extrauagante
1253 465 1425 507 Gregorij
1447 464 1498 506 xj,
1518 472 1591 505 que
1610 462 1752 504 incepit

102 527 162 562 Eoe
184 527 349 560 iniuncto
389 525 492 558 nobis
516 535 561 558 eoe
588 523 678 558 alto.
705 524 778 564 Sic,
806 522 906 565 quod
946 522 1165 556 examinare
1196 520 1312 553 vitam
1344 521 1381 553 ct
1417 519 1749 552 conuersacioncm

104 583 237 616 talium
261 583 405 624 spectat
429 581 474 614 ad
493 581 657 613 officium
675 579 956 612 ordinariorum
975 576 1219 620 singulorum
1243 575 1412 608 locorum
1430 577 1468 608 et
1492 583 1565 608 non
1583 574 1629 606 ad
1655 573 1748 606 infe-

105 639 239 678 riores,
272 637 474 671 temerarie
513 645 605 679 erge
638 635 822 677 presumit
846 633 1014 672 inferior,
1061 632 1288 673 quicumque
1317 631 1366 663 sit
1392 630 1469 671 illc,
1500 631 1633 663 contra
1656 627 1751 661 tales

105 694 303 737 predicare
327 692 384 726 vel
402 693 608 734 disputare,
623 699 807 732 usurpare
822 690 934 729 vices,
953 697 1029 730 que
1047 689 1094 721 ad
1111 696 1198 721 cum
1216 696 1290 720 non
1308 687 1500 729 pertinent
1515 686 1552 719 et
1567 684 1750 719 mittendo

105 748 379 792 quodammodo
393 746 529 780 falcem
546 747 584 779 in
602 754 764 779 messem
782 744 960 778 alienam.

148 803 198 837 Et
222 804 335 843 infra,
352 803 446 845 jtem
462 811 552 835 sane
575 800 806 844 intelligenti
831 801 957 842 potest
978 799 1083 833 clare
1103 799 1263 841 liquere,
1291 798 1390 840 quod
1408 798 1510 831 dicta
1527 796 1754 830 constitucio

103 859 241 894 Sancta
256 858 431 894 Romana
447 859 568 890 cassat
581 857 703 890 solum
721 858 864 890 sectam
882 865 952 889 seu
969 855 1203 899 religionem
1221 864 1367 895 eorum,
1386 855 1450 896 qui
1469 863 1544 887 non
1558 852 1758 886 assumunt

105 914 271 957 aliquem
297 915 343 948 de
367 913 563 946 ordinibus
590 921 659 955 per
691 913 819 946 sedem
846 911 1097 954 apostolicam
1137 911 1371 953 approbatis.
1398 911 1501 953 Ergo
1538 909 1756 943 deferentes

104 971 276 1004 habitum
291 969 350 1003 vel
375 970 608 1002 assumentes
632 968 749 1001 ritum
772 967 924 1001 viuendi
964 977 1032 1009 per
1049 968 1207 1000 eandem
1230 966 1544 1000 constitucionem
1572 974 1648 998 non
1665 973 1759 1006 pro-

105 1023 269 1056 hibitum
284 1032 359 1055 non
383 1021 628 1055 includuntur
644 1021 711 1053 sub
730 1029 828 1063 pena
843 1020 946 1053 illius
963 1020 1264 1053 constitucionis.
1284 1019 1391 1059 Nam,
1411 1019 1442 1052 si
1457 1027 1555 1061 papa
1570 1017 1757 1050 voluisset

106 1078 223 1112 alium
236 1078 407 1112 habitum
424 1078 464 1110 in
481 1077 613 1111 eadem
629 1076 905 1109 constitucione
930 1085 1005 1109 non
1029 1085 1251 1118 expressum
1269 1074 1425 1114 includi,
1456 1075 1553 1108 bene
1580 1073 1754 1113 dixisset,

107 1135 150 1169 ut
169 1134 275 1167 notat
297 1133 388 1167 Gen.
406 1133 445 1165 in
463 1133 564 1165 dicta
579 1131 853 1164 constitucione
870 1132 893 1172 ἓ
920 1130 1120 1174 Episcopos
1135 1140 1250 1172 super
1266 1130 1381 1163 verbo
1398 1127 1648 1173 supradictos,
1670 1129 1760 1172 quia

108 1198 205 1233 pene
221 1189 351 1231 pocius
369 1194 455 1221 sunt
473 1187 738 1230 restringende
756 1195 868 1228 quam
895 1186 1112 1229 ampliande
1130 1185 1191 1219 uel
1217 1185 1466 1225 extendendo,
1493 1186 1516 1227 ἓ
1541 1186 1587 1218 de
1611 1185 1700 1218 libe.
1721 1185 1759 1218 et

109 1245 232 1288 postu.
251 1243 273 1276 1.
296 1242 389 1277 Cam
404 1242 558 1287 quidam
575 1242 621 1275 de
647 1251 723 1275 acc.
747 1243 785 1275 et
814 1241 904 1274 obli.
934 1241 959 1274 1.
981 1241 1180 1275 Arrianus.
1208 1242 1326 1274 extra.
1346 1242 1392 1274 de
1409 1240 1565 1274 decimis
1591 1250 1676 1274 cum
1692 1242 1758 1273 tua

110 1300 168 1333 de.
187 1308 241 1333 re.
256 1299 328 1332 iur.
347 1308 378 1331 c.
401 1296 505 1332 Odia.
525 1297 549 1330 1.
580 1298 628 1339 vj.
660 1298 857 1338 Preterea,
895 1297 1067 1339 quamvis
1093 1296 1141 1329 sit
1170 1305 1192 1329 a
1217 1296 1301 1329 iure
1328 1296 1576 1338 prohibitum,
1607 1305 1654 1330 ne
1671 1296 1755 1338 quis

111 1355 283 1389 habitum
299 1363 397 1387 noue
414 1353 613 1397 religionis
632 1353 811 1393 assumat,
833 1353 874 1386 ut
890 1353 997 1395 patet
1014 1353 1134 1385 extra.
1154 1352 1200 1385 de
1224 1351 1348 1394 religi.
1369 1352 1428 1384 do.
1444 1362 1475 1384 c.
1505 1351 1615 1384 Unico
1633 1351 1673 1384 li.
1688 1352 1755 1394 vj⁰‚

112 1411 184 1444 hoc
209 1412 267 1444 est
290 1408 584 1452 intelligendum
608 1409 647 1442 in
672 1408 846 1451 pluribus
873 1407 988 1441 simul
1015 1408 1055 1440 in
1082 1407 1215 1441 eodem
1239 1406 1401 1451 collegio
1434 1406 1694 1440 habitantibus
1718 1407 1757 1440 ct

113 1468 271 1502 eandem
287 1466 518 1510 religionem
536 1465 819 1508 profitentibus.

464 1529 716 1571 Koninklijke
733 1527 978 1562 Bibliotheek
995 1528 1032 1561 te
1057 1527 1085 1560 's
1109 1526 1369 1570 Gravenhage‚
1403 1526 1477 1561 HS.
1503 1527 1551 1561 X.
1577 1526 1640 1561 101
1666 1525 1754 1569 (Th.

509 1584 587 1628 355)
605 1594 613 1618 :
639 1584 784 1628 Scripta
795 1582 990 1617 doctorum
1002 1582 1048 1618 de
1061 1582 1425 1627 conareyacionibus,
1444 1581 1509 1616 fol.
1529 1581 1646 1615 78-81.

792 1735 887 1779 111
920 1727 1092 1792 (2425).

177 1864 346 1920 (Einde
367 1870 478 1911 1397
491 1867 512 1910 ,2
539 1864 719 1908 Ucreoht
738 1864 777 1921 ,2)
800 1862 1172 1909 Verweerschrift
1204 1875 1289 1905 van
1312 1874 1449 1905 eenen
1468 1858 1755 1903 onbekenden

116 1934 406 1992 godgeleerde
428 1938 503 1978 ten
521 1937 680 1990 gunste
698 1934 775 1977 der
797 1934 1011 1977 Broeders
1045 1947 1098 1976 en
1132 1933 1310 1976 Zusters
1333 1945 1420 1975 van
1452 1930 1528 1974 het
1549 1941 1759 1986 gemeene

117 2005 242 2048 leven
265 2004 309 2048 in
343 2004 396 2047 de
427 2003 682 2060 geestelijke
707 2003 927 2059 provincie
949 2003 1119 2047 Keulen
1142 2005 1274 2058 tegen
1307 2001 1456 2043 hunne
1475 1999 1675 2056 belagers
1700 2011 1756 2040 en

118 2074 374 2130 vervolgers
411 2074 463 2116 de
500 2073 797 2129 inquisiteurS.
824 2096 882 2107 --
904 2073 983 2116 Om
1020 2072 1113 2115 drie
1151 2072 1309 2115 redens
1332 2070 1479 2113 willen
1504 2070 1555 2112 de
1578 2067 1757 2124 inquisi-

120 2146 242 2187 teurs
275 2143 378 2186 deze
402 2143 617 2187 Broeders
642 2157 695 2186 en
719 2144 898 2187 Zusters
929 2144 1241 2187 verontrusten
1262 2154 1271 2184 :
1298 2143 1339 2183 1⁰
1356 2139 1460 2183 Zich
1485 2137 1755 2194 beroepende

123 2227 175 2270 op
197 2213 250 2256 (16
282 2212 356 2256 11111
393 2213 562 2256 δάφιοία
584 2214 796 2257 Romana
837 2227 922 2256 van
958 2212 1183 2256 Johannes
1206 2211 1355 2262 XXH,
1381 2209 1448 2252 die
1472 2222 1524 2265 op
1557 2208 1644 2251 hen
1664 2207 1757 2251 niet

124 2296 207 2326 van
223 2283 477 2339 toepassing
495 2283 530 2325 is
551 2296 561 2334 ;
589 2282 634 2325 2⁰
657 2282 751 2326 zich
770 2281 1042 2339 beroepende
1077 2295 1128 2337 op
1161 2281 1213 2324 de
1246 2280 1318 2323 bul
1341 2279 1415 2322 Ad
1436 2282 1648 2322 nostrum
1671 2290 1755 2320 van

122 2351 320 2397 Clemens
344 2352 400 2403 V,
428 2351 495 2394 die
514 2352 714 2395 evenmin
732 2365 784 2409 op
802 2352 890 2395 hen
911 2351 1196 2408 toepasselijk
1227 2350 1279 2402 is,
1314 2349 1356 2392 al
1379 2351 1528 2392 noemt
1551 2360 1649 2390 111611
1672 2346 1759 2390 11611

121 2421 206 2465 ook
228 2421 471 2479 Beyherdi,
498 2421 604 2464 daar
634 2421 685 2464 de
709 2435 836 2465 naam
868 2421 1010 2464 3116611
1033 2434 1144 2477 geen
1181 2419 1335 2476 bewijS
1360 2432 1446 2462 van
1478 2417 1656 2474 ketterij
1685 2416 1721 2459 is
1746 2429 1756 2468 ;

123 2508 178 2538 en
196 2494 242 2538 3⁰
263 2494 359 2538 zich
380 2493 651 2550 beroepende
675 2507 727 2550 op
750 2494 898 2538 hunne
921 2492 1236 2550 inquisitoriale
1254 2491 1342 2543 bul,
1371 2491 1437 2534 die
1461 2503 1509 2533 er
1524 2489 1608 2533 ook
1642 2489 1756 2532 niets

126 2563 246 2608 mede
268 2566 312 2607 te
336 2563 492 2607 maken
509 2563 642 2607 heeft.
679 2564 877 2617 Immers,
902 2563 978 2608 het
1011 2576 1218 2620 gemeene
1242 2562 1367 2604 leven
1400 2560 1436 2602 is
1460 2559 1590 2616 zaIig,
1612 2559 1758 2602 zooals

125 2636 193 2680 die
215 2635 427 2679 Broeders
459 2650 513 2679 en
548 2636 725 2680 Zusters
763 2637 839 2680 het
878 2636 1037 2680 leiden.
1064 2637 1177 2679 Door
1199 2634 1295 2677 veel
1332 2633 1509 2677 teksten
1543 2632 1685 2676 werdt
1705 2632 1758 2675 de

127 2705 443 2763 gemeenschap
460 2704 538 2748 der
559 2705 774 2762 goederen
799 2706 1033 2763 verdedigd
1072 2706 1136 2749 als
1158 2704 1254 2747 veel
1287 2702 1559 2747 volmaakter
1576 2701 1660 2745 dan
1683 2702 1759 2746 het

127 2774 297 2830 privaat
320 2773 562 2830 eigendom.

172 2860 358 2905 Scriptum
375 2861 574 2895 cuiusdam
588 2861 715 2896 deuoti
731 2867 765 2897 et
778 2862 915 2898 literati
929 2864 1002 2897 viri
1010 2872 1082 2907 pro
1106 2861 1248 2896 deuotis
1259 2862 1430 2906 personis
1446 2863 1640 2905 utriusque
1654 2869 1767 2894 sexus

128 2917 169 2949 in
178 2918 378 2960 prouincia
397 2916 603 2952 Coloniensi
619 2923 749 2954 contra
772 2920 1019 2964 jnqzcz'sitores
1042 2917 1197 2952 heretice
1224 2918 1438 2962 prauitatis,
1456 2919 1520 2962 qui
1548 2927 1607 2951 eos
1634 2916 1763 2952 moles-

131 2976 309 3007 ta‘zcerzmt
332 2977 365 3007 et
381 2972 626 3018 calumpniati
641 2978 741 3015 sunt,
767 2984 879 3019 super
890 2975 966 3009 vita
983 2979 1015 3009 ec
1032 2975 1317 3008 conum-sacione
1333 2982 1464 3007 eorum
1478 2973 1656 3018 sequitur.
