2050 3470
321 275 385 308 236
1020 268 1156 303 ANNO
1183 267 1267 300 1419

323 385 516 427 theologia
532 385 569 417 et
581 382 698 416 sacris
711 381 917 415 canonibus
934 379 1204 423 magistrorum
1222 380 1260 413 et
1276 379 1485 419 doctorum,
1496 381 1534 413 et
1546 380 1707 414 aliorum
1719 381 1816 423 juris
1832 381 1952 415 diuini

320 442 358 473 et
375 439 543 473 canonici
568 438 788 480 peritorum,
814 445 882 478 per
895 434 991 468 hanc
1004 436 1172 467 nostram
1188 434 1427 468 diffinitiuam
1441 436 1681 477 sententiam,
1700 445 1811 477 quam
1827 437 1866 469 in
1878 435 1951 479 hijs

319 494 468 536 scriptis
482 494 650 532 ferimus,
669 491 974 534 pronunciamus,
990 490 1242 531 decernimus,
1260 489 1495 523 declaramus
1512 499 1580 532 per
1592 491 1953 525 reuerendissimum

318 551 355 583 in
383 548 529 582 Christo
561 549 709 590 patrem
736 546 929 579 dominum
960 545 983 578 J
988 544 1175 578 ohannem
1207 545 1462 586 patriarcham
1495 544 1952 588 Constantinopolitanum

317 606 449 637 contra
461 603 651 645 prefatum
663 602 889 644 magistrum
904 599 1102 633 Nicolaum
1114 600 1318 641 Serrurarij
1335 600 1431 633 bene
1445 601 1561 634 fuisse
1575 602 1613 634 et
1626 609 1707 634 esse
1721 610 1951 643 processum,

315 659 584 693 sententiatum
612 658 649 690 et
676 656 891 695 diffinitum,
923 655 1115 697 ipsiusque
1146 656 1372 688 sententiam
1401 656 1641 689 diffinitiuam
1671 657 1802 689 contra
1828 657 1952 699 ipsum

316 714 515 748 Nicolaum
531 713 646 746 latam
673 721 741 754 per
769 710 1056 753 quatuordecim
1073 719 1179 743 sacre
1209 709 1402 753 theologie
1428 720 1696 753 sacrorumque
1713 720 1898 745 canonum
1914 713 1953 746 et

315 770 442 812 legum
460 769 646 807 doctores,
664 767 764 800 inter
781 775 874 808 quos
899 767 1055 798 fuerunt
1079 765 1305 807 cardinales,
1331 766 1510 807 episcopi,
1537 765 1687 808 prelati,
1706 766 1803 799 sacri
1819 766 1952 809 palatii

314 823 511 866 apostolici
535 831 734 856 causarum
762 821 954 854 auditores
979 822 1017 853 et
1043 819 1104 862 alij
1133 821 1321 860 doctores,
1340 821 1513 853 manibus
1538 830 1669 854 eorum
1692 821 1854 863 proprijs
1867 822 1950 855 sub-

314 880 505 921 scriptam,
539 878 787 920 approbatam
819 877 857 909 et
886 876 1116 912 roboratam,
1146 876 1445 909 confirmandam
1476 877 1559 909 fore
1588 877 1626 909 et
1656 876 1951 918 confirmamus;

314 935 509 976 ipsamque
533 933 760 966 sententiam
784 932 902 974 ipsius
920 931 1061 964 domini
1086 930 1301 972 patriarche
1320 931 1535 964 executioni
1553 931 1850 964 demandandam
1866 932 1950 966 fore

313 990 351 1022 et
368 988 636 1021 demandamus
651 995 849 1029 processus
877 988 916 1019 et
931 986 1078 1019 litteras
1103 986 1266 1028 desuper
1295 987 1526 1019 necessarias
1551 987 1590 1019 et
1613 987 1818 1029 oportunas
1841 987 1950 1029 juxta

313 1044 412 1076 dicte
429 1041 703 1075 commissionis
721 1042 958 1074 continentes
974 1042 1135 1073 formam
1150 1043 1187 1073 et
1201 1043 1372 1074 tenorem
1390 1042 1648 1074 decernentes.
1669 1056 1685 1070 n

357 1099 436 1138 Que
454 1098 604 1139 quidem
619 1098 748 1130 nostra
765 1097 952 1130 sententia
978 1106 1046 1138 per
1070 1097 1240 1129 diuersos
1265 1096 1445 1138 prelatos,
1475 1097 1661 1136 doctores,
1687 1097 1891 1139 magistros
1909 1098 1950 1131 et

311 1153 565 1195 jurisperitos,
584 1153 629 1186 ad
647 1152 717 1185 hec
745 1162 814 1194 per
832 1152 1025 1185 dominum
1044 1153 1215 1184 nostrum
1232 1161 1367 1194 papam
1383 1152 1595 1193 predictum
1620 1153 1832 1194 deputatos,
1849 1152 1952 1185 vide·

311 1209 399 1241 licet
435 1209 669 1241 Hermanum
706 1208 858 1250 Dwerg,
891 1207 991 1240 sedis
1031 1207 1240 1249 apostolice
1278 1206 1624 1249 prothonotarium,
1663 1207 1947 1247 Gundisalvum,

311 1264 529 1305 episcopum
553 1263 851 1302 Ascoricensem,
878 1262 1049 1302 Petrum,
1075 1262 1401 1304 archiepiscopum
1429 1261 1660 1302 Cretensem,
1689 1262 1870 1295 Thomam
1901 1263 1948 1295 de

312 1319 480 1358 Aurelia,
514 1318 733 1360 episcopum
768 1317 1129 1360 vigintimiliensem
1154 1318 1191 1350 et
1226 1318 1323 1350 sacri
1351 1317 1485 1359 palacij
1515 1317 1714 1359 apostolici
1749 1326 1947 1350 causarum

310 1375 536 1414 auditorem,
551 1373 763 1406 Conradum
780 1373 826 1406 de
852 1373 1004 1412 Susaco,
1031 1382 1136 1406 sacre
1161 1372 1355 1415 theologie
1371 1374 1640 1414 professorem,
1659 1372 1801 1405 domini
1825 1372 1947 1405 nostri

311 1438 407 1471 pape
425 1429 706 1467 subdiaconum,
723 1428 746 1461 ,J
751 1428 938 1461 ohannem
956 1429 1001 1461 de
1017 1428 1276 1469 Franefm-sua,
1296 1428 1410 1460 etiam
1428 1436 1534 1460 sacre
1550 1427 1744 1470 theologie
1760 1428 1946 1469 professo-

310 1493 403 1523 rem,
416 1483 614 1517 Nicolaum
628 1484 802 1517 abbatem
819 1484 939 1516 sancti
955 1482 1243 1525 Wandregisili,
1255 1483 1439 1516 ,Iacobum
1454 1482 1886 1525 Morestinj,Johannem
1900 1483 1948 1516 de

311 1539 471 1573 Fabrica
502 1540 540 1572 et
562 1538 776 1572 ,Iohannem
805 1538 1041 1580 Gundisaluj,
1072 1539 1162 1571 dicti
1193 1538 1326 1580 palacij
1362 1547 1560 1571 causarum
1585 1538 1791 1578 auditores,
1820 1538 1948 1571 extitit

310 1595 519 1637 approbata
532 1595 570 1627 et
582 1594 755 1627 manibus
772 1603 904 1627 eorum
920 1594 1084 1636 proprijs
1099 1594 1323 1635 subscripta.
1350 1593 1394 1626 In
1409 1602 1568 1634 quorum
1587 1593 1755 1626 omnium
1768 1593 1807 1626 et
1822 1592 1948 1636 singu-

310 1650 434 1683 lorum
474 1650 587 1682 fidem
622 1650 660 1682 et
687 1649 945 1682 testimonium
972 1649 1258 1691 premissorum,
1290 1650 1486 1691 presentes
1519 1650 1668 1682 nostras
1693 1648 1842 1681 litteras
1878 1657 1945 1681 seu

309 1714 465 1747 presens
482 1705 673 1747 publicum
689 1705 996 1744 instrumentum,
1014 1704 1230 1746 hujusmodi
1247 1704 1453 1737 sententias
1478 1704 1697 1737 diffinitiuas
1713 1704 1753 1736 in
1769 1712 1809 1737 se
1826 1703 1941 1737 conti-

309 1762 442 1793 nentes
466 1769 532 1794 seu
560 1761 769 1800 continens,
799 1760 936 1793 exinde
967 1760 1051 1792 fieri
1076 1761 1114 1792 et
1140 1769 1209 1802 per
1234 1759 1493 1792 Hermannum
1518 1759 1707 1792 notarium
1734 1758 1940 1801 publicum,

308 1817 554 1857 nostrumque
571 1817 608 1848 et
624 1814 839 1848 huiusmodi
857 1824 968 1848 cause
985 1824 1113 1848 coram
1130 1815 1237 1847 nobis
1262 1815 1425 1848 scribam
1441 1815 1738 1856 infrascriptum,
1755 1814 1941 1847 subscribi

307 1872 345 1904 et
357 1870 543 1912 publicari
559 1871 832 1910 mandauimuS,
848 1871 1043 1912 nostrique
1061 1870 1179 1913 sigilli
1195 1870 1375 1912 jussimus
1389 1870 1618 1912 appensione
1632 1869 1868 1902 communiri.

350 1927 477 1966 Lecta,
503 1926 581 1959 lata
597 1927 635 1959 et
650 1926 690 1958 in
714 1926 864 1968 scriptis
888 1926 1130 1968 promulgata
1146 1926 1219 1958 fuit
1235 1925 1306 1959 hee
1323 1934 1479 1967 presens
1497 1926 1627 1958 nostra
1651 1925 1838 1958 diffinitua
1861 1934 1941 1958 sen-

307 1981 426 2015 tentia
448 1990 518 2024 per
545 1990 613 2013 nos
636 1982 844 2014 Antonium
872 1981 1116 2021 cardinalem,
1135 1981 1301 2023 judicem
1332 1981 1371 2014 et
1405 1980 1704 2013 commissarium
1738 1981 1941 2022 prefatum,

306 2037 500 2071 Florentie
516 2037 555 2069 in
572 2037 802 2070 monasterio
836 2036 1012 2070 Omnium
1038 2037 1262 2070 Sanctorum
1290 2037 1419 2069 nostre
1451 2035 1561 2069 solite
1588 2036 1808 2076 residentie,
1833 2035 1942 2069 nobis

305 2092 399 2125 inibi
427 2092 522 2125 hora
537 2101 783 2133 vesperorum
800 2092 857 2125 vel
876 2092 983 2133 quasi
1008 2093 1189 2124 consueta
1213 2092 1259 2124 ad
1287 2092 1373 2133 jura
1396 2091 1631 2124 reddendum
1647 2091 1687 2123 in
1703 2090 1786 2123 loco
1811 2091 1940 2124 nostro

305 2147 417 2179 solito
435 2149 474 2180 et
487 2148 666 2180 consueto
691 2157 759 2189 pro
778 2147 959 2180 tribunali
977 2147 1166 2187 sedentes,
1181 2147 1249 2179 sub
1267 2156 1365 2179 anno
1391 2155 1412 2179 a
1429 2146 1625 2179 nativitate
1643 2146 1795 2179 Domini
1810 2145 1942 2180 misse-

306 2203 400 2235 simo
426 2202 798 2245 quadringentesimo
827 2202 972 2235 decimo
1002 2211 1115 2243 nono,
1145 2202 1353 2234 indictione
1377 2201 1611 2241 duodecima,
1641 2201 1702 2234 die
1729 2210 1817 2234 vero
1849 2201 1939 2234 lune

305 2257 501 2290 vndecima
513 2258 652 2291 mensis
667 2257 900 2297 Decembris,
914 2257 1156 2298 pontificatus
1174 2257 1312 2298 prefati
1331 2256 1473 2289 domini
1490 2256 1609 2289 nostri
1624 2256 1766 2288 domini
1783 2256 1935 2298 Martinj

304 2322 400 2355 pape
428 2313 549 2354 quinti
577 2322 674 2345 anno
700 2313 843 2354 tertio,
871 2313 1111 2354 presentibus
1136 2312 1277 2345 ibidem
1301 2311 1587 2344 honorabilibus
1604 2312 1643 2344 et
1658 2311 1830 2344 discretis
1846 2311 1938 2344 viris

303 2368 465 2400 dominis
490 2368 661 2408 Daniele,
694 2368 836 2401 decano
869 2367 1150 2408 concordiensi,
1181 2368 1220 2400 et
1245 2366 1421 2400 ‚Johanne
1450 2367 1496 2400 de
1521 2367 1665 2406 Gaieta,
1706 2366 1936 2400 cubiculario

304 2424 445 2463 nostro,
461 2423 619 2456 testibus
637 2423 682 2456 ad
696 2423 880 2464 premissa
893 2422 1034 2455 vocatis
1052 2423 1270 2464 specialiter
1287 2423 1325 2455 et
1341 2422 1498 2465 rogatis.

347 2477 546 2521 Signatum
563 2480 601 2511 et
617 2478 671 2510 sic
688 2478 942 2519 subscriptum
958 2487 965 2509 :

345 2532 390 2565 Et
417 2542 487 2576 ego
517 2533 730 2566 Hermanus
759 2532 966 2573 Lutkehns,
996 2532 1156 2566 clericus
1185 2533 1505 2572 Monasteriensis,
1531 2532 1703 2574 publicus
1727 2531 1936 2574 apostolica

302 2589 527 2622 auctoritate
541 2589 723 2628 notarius,
741 2589 976 2630 prefatorum
999 2589 1405 2622 reuerendissimorum
1422 2588 1460 2620 in
1485 2587 1633 2620 Christo
1650 2587 1801 2630 patrum
1818 2587 1933 2620 domi-

301 2653 436 2677 norum
459 2643 721 2685 cardinalium,
747 2643 915 2685 J'udicum
937 2645 976 2676 et
992 2644 1349 2682 commissariorum,
1366 2644 1406 2675 in
1422 2643 1637 2676 huiusmodi
1665 2651 1778 2676 eausa
1804 2652 1932 2676 coram

301 2699 355 2732 eis
369 2699 581 2732 successiue
597 2698 732 2738 scriba,
759 2699 848 2739 quia
863 2698 1079 2731 huiusmodi
1096 2698 1295 2732 diffinitiue
1309 2699 1496 2731 sententie
1519 2697 1817 2740 promulgationi
1833 2697 1932 2740 alijs-

300 2763 373 2795 que
396 2753 602 2796 premissis,
621 2754 710 2786 dum
734 2753 786 2795 (vt
808 2754 1015 2795 prefertur)
1039 2754 1176 2787 fierent
1192 2756 1230 2787 et
1247 2755 1465 2797 agerentur,
1483 2762 1643 2786 vnacum
1658 2753 1933 2795 prenominatis

300 2809 458 2842 testibus
481 2817 638 2850 presens
665 2809 736 2848 fui,
766 2809 851 2842 ideo
877 2808 948 2841 hoc
972 2809 1164 2851 publicum
1196 2809 1490 2842 instrumentum
1517 2817 1586 2851 per
1616 2808 1734 2842 alium
1767 2807 1932 2842 fideliter

299 2864 481 2906 scriptum
498 2863 716 2904 subscripsi,
731 2864 769 2896 et
785 2863 823 2896 in
841 2862 938 2897 hanc
954 2864 1144 2906 publicam
1169 2865 1329 2897 sormam
1346 2864 1492 2907 redegi,
1506 2864 1690 2906 signoque
1714 2864 1753 2897 et
1779 2863 1930 2897 nomine

301 2919 394 2952 meis
409 2919 529 2952 solitis
546 2920 584 2952 et
601 2919 789 2952 consuetis
813 2920 975 2962 signaui,
990 2928 1149 2953 vnacum
1166 2920 1256 2953 dieti
1274 2920 1415 2952 domini
1432 2918 1635 2953 cardinalis
1650 2918 1929 2962 Aquilegiensis

297 2975 434 3016 ,iudicis
462 2976 500 3008 et
515 2974 759 3015 commissarij
786 2973 904 3016 sigilli
932 2973 1177 3015 appensione,
1202 2974 1358 3016 rogatus
1382 2975 1419 3007 et
1443 2973 1661 3015 requisitus
1686 2972 1725 3006 in
1750 2973 1862 3007 fidem
1889 2974 1929 3007 et

300 3030 561 3071 testilnonium
578 3029 744 3063 omnium
758 3029 1040 3072 premissorum.
