2050 3470
263 283 326 316 216
949 278 1085 331 ANNO
1114 277 1197 310 1418

265 394 384 436 signis
404 393 440 426 et
458 390 798 434 subscriptionibus
821 388 1057 421 notariorum
1081 386 1320 429 publicorum
1337 387 1668 429 infrascriptorum
1693 388 1850 430 apposui
1868 388 1908 421 in

265 450 377 481 fidem
392 449 429 481 et
446 447 705 480 testiinonium
723 445 890 478 omnium
904 444 941 476 et
959 443 1199 485 singulorum
1212 442 1496 485 premissorum,
1512 443 1718 484 requisitus
1735 442 1906 485 speciali-

266 505 324 537 ter
341 507 377 536 et
392 504 558 546 rogatus.

307 559 354 591 Et
379 567 449 600 ego
475 557 688 590 Anthonius
722 555 914 593 GuidoniS„
941 553 1103 586 clericus
1132 553 1415 592 Auinionensis,
1442 553 1615 594 publicus
1641 553 1848 596 apostoliea
1871 555 1910 588 et

263 614 452 655 imperiali
471 612 758 645 auctoritatibus
777 610 946 642 notarius
961 618 1004 642 ae
1021 609 1151 642 inclite
1166 609 1330 641 nationis
1347 608 1535 649 Yspanicc
1552 610 1591 641 in
1610 618 1716 642 suero
1732 609 1908 643 Constan-

262 670 373 702 ticnsi
392 668 553 701 concilio
573 668 739 700 existens
758 666 896 704 scriba,
916 665 1005 706 quia
1028 664 1223 706 premissis
1241 664 1427 703 omnibus,
1448 664 1535 696 dum
1559 665 1613 697 sie
1630 667 1667 697 vt
1684 674 1799 706 supra
1817 666 1906 698 scri-

263 726 414 763 buntur,
434 733 502 765 per
536 723 708 755 ordinem
740 722 778 753 in
812 721 904 753 loeis
935 720 1254 762 supranominatis
1285 720 1322 751 et
1353 719 1560 761 designatis
1593 722 1909 762 proponerentur,

263 780 494 822 legerentur,
526 777 882 819 pronunciarentur,
914 776 1201 813 reuocarentur,
1236 775 1536 815 acceptarentur,
1573 776 1908 817 sententiarentur,

263 834 531 870 diffinirentur,
550 831 900 874 promulgarentur,
920 830 1151 869 dicerentur,
1171 830 1390 871 agerentur,
1416 831 1649 871 peterentur,
1670 831 1909 871 requireren-

263 891 326 922 tur
339 895 375 922 et
394 889 541 927 fierent,
556 896 715 920 vnacum
734 886 1007 928 prenominatis
1025 885 1187 917 dominis
1204 885 1362 917 testibus
1382 885 1421 917 in
1439 885 1599 927 singulis
1613 886 1773 927 actibus,
1792 887 1910 929 gestis

265 946 302 977 et
319 944 429 977 factis
447 952 561 984 supra
578 942 777 983 descriptis
796 949 951 982 presens
968 940 1036 979 fui,
1056 949 1174 981 eaque
1192 940 1245 972 sic
1264 940 1347 972 fieri
1363 940 1439 972 vidi
1458 942 1496 973 et
1512 941 1640 973 audiui
1665 942 1703 974 et
1724 941 1762 973 in
1780 943 1908 974 notam

265 999 414 1040 recepi3
433 998 517 1030 ideo
536 997 609 1030 hoc
626 1006 781 1038 presens
799 995 992 1038 publicum
1010 996 1302 1028 instrumentum
1319 1005 1385 1037 per
1402 994 1519 1028 alium
1536 1005 1595 1028 me
1619 996 1702 1037 alijs
1727 998 1908 1039 occupato

267 1054 430 1096 negotijs
447 1053 613 1086 fideliter
630 1052 826 1094 scriptum,
845 1060 957 1083 manu
975 1060 1059 1083 inea
1076 1051 1232 1092 propria
1248 1059 1308 1083 me
1325 1051 1565 1083 subscribens
1588 1052 1696 1094 signo
1721 1060 1805 1084 meo
1823 1061 1908 1084 con—

266 1112 385 1150 sueto,
400 1117 560 1141 vnaeum
577 1108 696 1150 signis
713 1108 750 1140 et
763 1106 1103 1148 subscriptionibus
1121 1106 1356 1138 notariorum
1374 1115 1488 1147 supra
1504 1108 1542 1139 et
1561 1106 1662 1139 infra
1682 1107 1910 1149 scriptorum

266 1164 428 1207 signam,
447 1164 485 1196 in
504 1164 616 1196 sidem
634 1165 672 1195 et
690 1162 950 1195 testimonium
968 1161 1136 1194 omnium
1154 1163 1191 1194 et
1208 1161 1447 1204 singulorum
1463 1162 1737 1203 premissorum
1753 1163 1912 1204 requisi-

267 1225 326 1253 tus
340 1218 558 1262 specialiter
573 1220 610 1252 et
627 1218 797 1261 rogatus.

615 1306 772 1340 Archief
799 1307 866 1338 der
893 1305 1107 1337 hoofdkerk
1136 1314 1205 1337 van
1236 1305 1419 1346 Doornik‚
1454 1305 1666 1339 Cartulaire
1703 1306 1766 1346 H.,
1804 1306 1908 1349 asge-

658 1361 773 1394 drukt
797 1361 847 1403 bij
868 1360 1044 1400 Cain-hie,
1064 1359 1190 1393 Nicole
1215 1359 1419 1400 Sero-urier,
1439 1360 1508 1393 blz.
1525 1359 1682 1395 280-297.

914 1515 1011 1558 133
1046 1510 1244 1572 (254t2r).

333 1653 592 1698 Omstreeks
637 1657 760 1704 1418,
802 1652 1042 1696 Constanz.
1088 1650 1341 1694 Aanklacht
1378 1650 1485 1693 door
1525 1650 1608 1693 den
1652 1649 1915 1706 predikheer

267 1723 521 1766 Matthaeus
554 1721 744 1765 Grabow
769 1719 876 1764 voor
898 1735 1006 1778 paus
1031 1722 1250 1764 Martinus
1275 1721 1315 1763 V
1333 1733 1385 1776 op
1416 1720 1494 1763 het
1526 1720 1764 1775 Algemeen
1800 1719 1912 1763 Con-

268 1792 364 1836 cilie
402 1792 552 1835 aldaar
595 1791 857 1847 ingebracht
900 1796 1030 1846 tegen
1070 1789 1122 1832 de
1168 1789 1383 1832 Broeders
1418 1803 1471 1831 en
1506 1790 1685 1833 Zusters
1720 1802 1804 1831 van
1837 1789 1913 1831 het

269 1875 476 1918 gemeene
521 1862 647 1904 leven
688 1874 868 1916 wegens
908 1859 1104 1916 ketterij.
1132 1884 1190 1891 -—
1223 1859 1402 1915 Terwijl
1440 1858 1499 1916 hij
1543 1858 1683 1901 lector
1718 1871 1802 1901 van
1838 1858 1915 1901 het

269 1930 790 1988 predikheerenklooster
832 1934 877 1972 te
915 1929 1172 1985 Groningen
1216 1928 1260 1970 in
1299 1927 1331 1971 't
1369 1927 1536 1971 bisdom
1576 1927 1764 1970 Utrecht
1801 1941 1912 1979 was,

272 2000 391 2043 heeft
415 2000 473 2057 hij
502 2000 679 2043 kunnen
715 1998 991 2048 vaststellen‚
1030 1999 1104 2041 dat
1138 1998 1181 2040 in
1215 1997 1283 2039 die
1317 2002 1544 2053 gewesten
1578 2010 1795 2052 personen
1829 2010 1915 2039 van

271 2070 419 2113 beider
436 2070 584 2112 kunne
615 2069 725 2126 vrije
750 2067 1158 2124 broederschappen
1192 2066 1343 2109 buiten
1376 2066 1427 2108 de
1453 2066 1667 2121 toelating
1691 2066 1769 2108 der
1792 2066 1916 2109 Kerk

272 2153 451 2182 vermen
478 2152 529 2180 en
554 2138 628 2181 dat
654 2139 705 2194 zij
732 2137 868 2180 onder
903 2136 1115 2179 elkander
1155 2135 1567 2192 gehoorzaamheid,
1616 2134 1821 2178 armoede
1862 2149 1916 2178 en

272 2207 531 2251 kuischheid
565 2206 878 2250 onderhouden
919 2206 1083 2248 zonder
1115 2206 1158 2248 in
1193 2204 1480 2261 regelmatige
1512 2204 1850 2247 kloosterorden
1873 2209 1917 2247 te

274 2278 443 2328 treden,
472 2277 661 2331 hetgeen
681 2276 786 2318 door
811 2276 863 2318 de
886 2274 1007 2317 Kerk
1035 2288 1139 2317 νοοῖ·
1162 2274 1392 2317 kettersch
1412 2277 1529 2316 moet
1551 2274 1731 2316 worden
1751 2274 1917 2330 gehou-

274 2347 374 2390 den.
417 2347 483 2390 Na
518 2344 828 2400 breedvoerige
849 2344 1140 2400 godgeleerde
1163 2343 1533 2398 beschouwingen
1559 2342 1918 2399 dienaangaande

275 2417 365 2459 laat
390 2414 577 2458 Grabow
602 2428 707 2457 eene
732 2414 823 2471 lijst
844 2427 931 2456 van
969 2414 1027 2455 25
1060 2413 1297 2468 stellingen
1320 2412 1496 2468 volgen,
1525 2412 1757 2454 waardoor
1779 2412 1838 2469 hij
1865 2412 1916 2455 de

238 2499 241 2502 ·
275 2484 558 2542 levenswijze
577 2484 668 2526 dier
695 2483 910 2527 Broeders
931 2496 983 2525 en
1003 2483 1182 2525 Zusters
1205 2496 1257 2537 op
1281 2481 1492 2524 afdoende
1516 2480 1683 2524 manier
1706 2487 1852 2525 meent
1872 2485 1917 2525 te

275 2554 605 2597 veroordeelen.

272 2647 488 2691 Sequuntur
518 2644 768 2679 conclusiones
794 2644 927 2688 fratris
954 2643 1096 2678 Matlzei
1125 2643 1276 2677 Grabon
1294 2642 1436 2676 ordinis
1452 2641 1730 2680 predicatorum
1754 2644 1794 2675 in
1809 2652 1916 2676 sacro

322 2701 475 2735 concilio
512 2700 784 2735 Constantiensz'
814 2700 932 2733 oblate
959 2698 1010 2733 ad
1041 2698 1344 2733 emamz'nandum
1381 2703 1511 2732 contra
1550 2708 1640 2742 quos
1673 2697 1922 2732 cancellarius

317 2757 544 2790 Parisiensz's
554 2757 825 2800 propositiones
840 2756 986 2798 scripsit
1002 2765 1103 2788 suas.

318 2823 542 2856 Beatissime
568 2824 688 2864 pater,
721 2823 925 2864 exponitur
955 2822 1146 2854 sanctitati
1172 2822 1296 2854 vestre
1314 2822 1485 2863 exparte
1509 2821 1582 2853 viri
1603 2822 1731 2854 deuoti
1756 2821 1917 2854 oratoris

273 2879 404 2911 frat-ris
431 2878 575 2911 Mathei
603 2879 766 2918 Grabon,
797 2879 1005 2910 conuentus
1038 2877 1330 2919 Wysmariensis
1358 2877 1556 2919 prouincie
1588 2878 1751 2910 saxonie
1775 2877 1919 2910 ordinis

275 2934 556 2975 predicatorum
575 2942 618 2965 ac
635 2933 963 2975 Merseburgensis
987 2933 1171 2974 dyocesis,
1198 2933 1311 2974 quod,
1337 2941 1422 2965 oum
1446 2932 1567 2965 lector
1590 2933 1671 2974 ipse
1690 2932 1855 2966 existens
1877 2933 1918 2965 in

276 2990 463 3022 conuentu
481 2989 733 3031 Groningensi
751 2988 911 3021 diocesis
929 2988 1180 3021 Traiectensis
1198 2988 1296 3021 dicte
1321 2988 1518 3030 prouincie
1544 2989 1581 3020 et
1598 2987 1753 3028 ordinis,
1771 2987 1918 3020 videret
