2050 3470
216 273 259 303 70
897 265 1034 300 ANNO
1060 264 1143 297 1312

217 381 426 413 constitutis
455 387 659 419 corumque
690 376 849 419 singulis
875 376 933 409 vel
958 376 1197 418 procuratori
1222 386 1285 410 seu
1303 378 1608 419 procuratoribus
1624 379 1842 412 eorumdem

217 436 381 475 ejusdem
411 434 551 465 ordinis
569 432 685 473 ipsius
712 431 915 473 Hospitalis
940 431 1093 464 nomine
1118 432 1263 464 etiamsi
1292 432 1381 464 dicti
1405 433 1549 474 priores
1580 434 1842 475 praeceptores

216 493 253 523 et
270 491 404 522 fratres
431 488 547 529 ipsius
566 486 771 528 Hospitalis
791 488 827 519 et
844 486 1109 527 procuratores
1134 486 1301 527 ipsorum
1318 487 1355 519 et
1371 496 1499 520 eorum
1524 488 1681 529 quilibet
1706 497 1727 521 a
1743 489 1842 521 dicto

217 544 396 586 magistro
430 543 545 583 ipsius
578 541 782 583 Hospitalis
808 541 1025 573 mandatum
1057 550 1174 582 super
1206 540 1275 573 hoc
1307 541 1520 583 specialiter
1550 552 1623 575 11011
1648 542 1841 582 haberent,

217 599 414 632 dummodo
444 598 706 639 procuratores
746 595 929 637 praedicti
969 604 991 627 a
1024 595 1134 627 dictis
1165 595 1354 636 prioribus
1385 597 1421 629 et
1450 597 1755 638 praeceptoribus
1785 596 1843 630 vel

217 663 346 686 eorum
377 651 537 694 singulis
562 652 599 683 in
625 651 829 692 provinciis
859 651 895 682 et
926 650 1110 691 partibus,
1146 650 1183 682 in
1215 650 1350 691 quibus
1384 650 1595 691 hujusmodi
1634 652 1779 693 priores
1810 652 1847 684 et

217 709 479 750 praeceptores
496 706 692 738 extiterint
709 705 893 746 deputati,
911 705 1129 737 mandatum
1156 713 1269 746 super
1292 704 1362 737 1100
1384 704 1584 738 habuerint
1603 706 1661 739 vel
1679 706 1846 739 ostende·

217 763 293 795 rint
306 761 479 804 speciale.
493 760 562 799 Qui
581 770 709 793 omnes
723 761 761 793 et
775 759 930 802 singuli,
945 759 1121 792 videlicet
1138 759 1285 800 priores
1303 760 1340 792 et
1362 761 1626 802 praeceptores
1643 762 1679 794 et
1695 762 1844 801 fratres,

217 817 316 850 dicto
334 816 530 858 magistro,
544 816 808 858 procuratores
824 823 914 848 vero
940 815 1099 856 predicti
1125 814 1266 847 eisdem
1286 815 1475 856 prioribus
1492 817 1529 849 et
1542 816 1847 858 praeceptoribus

219 881 423 913 eorumque
445 871 617 914 singulis,
637 880 658 904 a
677 870 813 912 quibus
830 878 943 911 super
961 869 1019 901 his
1033 869 1175 902 fuerint
1188 869 1370 911 deputati,
1384 869 1535 911 plenum
1552 879 1664 912 super
1676 871 1847 903 omnibus

219 927 348 969 gestis,
390 926 495 966 actis,
530 926 691 968 receptis
722 926 759 958 et
789 924 1000 966 procuratis
1038 933 1106 966 per
1142 932 1205 956 eos
1244 924 1522 965 quomodolibet
1546 926 1584 958 in
1619 924 1689 958 hac
1726 925 1845 967 parte,

219 983 434 1023 computum
479 983 515 1014 et
552 981 738 1013 rationem
772 988 912 1021 ponere
945 980 982 1012 et
1011 979 1170 1012 reddere
1194 980 1416 1020 teneantur,
1449 989 1593 1012 necnon
1617 988 1757 1019 omnes,
1784 979 1847 1021 qui

221 1037 382 1069 scienter
411 1035 698 1077 occupatoribus
715 1035 752 1067 et
778 1034 1036 1066 detentoribus
1060 1032 1280 1075 praelibatis
1304 1033 1343 1065 in
1367 1034 1609 1076 occupatione
1640 1034 1699 1068 vel
1724 1035 1848 1068 deten-

220 1091 320 1124 tione
334 1091 548 1132 hujusmodi
562 1089 736 1122 dederint
749 1088 964 1128 consilium,
979 1087 1163 1121 auxilium
1179 1087 1238 1120 vel
1253 1089 1433 1128 favorem,
1450 1089 1598 1131 publice
1615 1090 1674 1123 vel
1689 1090 1849 1130 occulte,

222 1145 647 1185 excommunicationis3
688 1144 855 1186 capitula
889 1152 990 1183 vero,
1024 1143 1186 1185 collegia
1218 1152 1283 1176 seu
1309 1144 1513 1176 conventus
1538 1144 1784 1178 ecclesiarum
1811 1146 1849 1178 et

221 1201 547 1239 monasteriorum,
567 1208 712 1232 necnon
736 1199 1002 1232 universitates
1027 1198 1235 1238 civitatum,
1252 1199 1474 1237 castrorum,
1504 1198 1679 1232 villarum
1696 1199 1734 1233 et
1757 1199 1849 1233 alio-

221 1265 305 1289 rum
330 1255 498 1288 locorum
524 1256 562 1288 et
586 1255 685 1296 ipsas
704 1255 886 1295 civitates,
918 1255 1052 1293 castra,
1077 1252 1186 1285 villas
1212 1253 1249 1285 et
1273 1253 1368 1293 loca,
1399 1262 1493 1294 quae
1511 1254 1549 1286 in
1573 1253 1631 1287 his
1648 1254 1850 1296 culpabilia

222 1311 430 1350 extiterint,
451 1319 493 1342 ac
511 1310 624 1343 etiam
642 1309 824 1348 civitates,
843 1309 966 1341 castra
983 1309 1019 1340 et
1036 1307 1130 1347 loca,
1150 1307 1189 1340 in
1207 1307 1341 1348 quibus
1361 1308 1575 1341 detentores
1592 1310 1629 1341 et
1652 1310 1848 1352 occupato·

221 1374 282 1398 res
299 1365 514 1407 hujusmodi
531 1365 738 1397 dominium
756 1363 989 1397 obtinuerint
1012 1361 1233 1404 temporale,
1251 1363 1282 1394 si
1300 1362 1516 1404 hujusmodi
1540 1363 1680 1397 domini
1705 1368 1849 1407 tempo-

221 1420 319 1454 rales
337 1421 374 1453 in
392 1420 612 1453 dimittendo
639 1420 737 1452 bona
753 1419 946 1461 praedicta
970 1419 1008 1451 et
1038 1418 1271 1451 restituendo
1305 1417 1372 1450 illa
1397 1418 1579 1460 magistro
1606 1420 1643 1451 et
1670 1420 1851 1452 fratribus

222 1476 364 1509 ordinis
380 1476 417 1508 et
431 1473 635 1517 Hospitalis
648 1475 817 1516 ejusdem
834 1474 985 1506 nomine
1003 1471 1210 1514 Hospitalis
1224 1472 1340 1513 ipsius
1356 1472 1589 1505 obstaculum
1606 1473 1849 1514 abhibebunt‚

223 1531 260 1564 et
288 1531 387 1563 infra
410 1531 550 1563 dictum
582 1538 749 1562 mensem
767 1529 811 1561 ab
837 1520 1060 1569 hujusmodi
1077 1527 1292 1569 praemissis
1310 1536 1383 1559 non
1408 1526 1634 1568 destiterint,
1654 1529 1851 1570 postquam

223 1594 336 1628 super
352 1585 434 1624 hoc,
453 1586 494 1617 ut
519 1584 789 1626 praemittitur,
816 1583 958 1616 fuerint
982 1582 1167 1623 requisiti,
1197 1581 1278 1622 ipso
1304 1582 1402 1614 facto
1436 1582 1631 1614 interdicti
1655 1583 1851 1616 sententiis

223 1641 458 1674 decernimus
475 1640 669 1681 subJ'acere
686 1650 694 1680 3
722 1648 743 1672 a
759 1639 893 1680 quibus
919 1636 1061 1670 absolvi
1079 1646 1153 1669 non
1178 1636 1332 1678 possint,
1363 1636 1481 1669 donec
1499 1646 1611 1678 super
1627 1637 1685 1669 his
1701 1637 1851 1679 plenam

224 1697 262 1729 et
285 1696 448 1729 debitam
462 1695 756 1728 satisfactionem
769 1693 983 1726 curaverint
1010 1692 1201 1725 exhibere.
1222 1691 1270 1724 Et
1294 1691 1538 1724 nihilominus
1555 1693 1797 1734 occupatores
1814 1693 1852 1725 et

224 1751 437 1784 detentores
476 1750 703 1791 huJ'usmodi,
743 1748 801 1781 vel
829 1749 1063 1790 praestantes
1096 1747 1249 1787 eisdem,
1278 1747 1320 1778 ut
1359 1746 1628 1788 praemittitur,
1654 1746 1850 1788 auxilium,

223 1805 419 1838 consilium
444 1805 502 1839 vel
526 1807 705 1845 favorem,
725 1805 801 1838 sive
826 1803 1037 1847 singulares
1061 1811 1256 1845 personae,
1279 1802 1356 1835 sive
1388 1802 1564 1844 capitula,
1590 1802 1753 1845 collegia
1783 1811 1848 1835 seu

224 1862 426 1893 conventus
442 1860 685 1894 ecclesiarum
699 1861 736 1893 et
749 1860 1064 1892 monasteriorum
1078 1867 1121 1891 ac
1133 1858 1398 1890 universitates
1411 1858 1616 1898 civitatum,
1630 1858 1850 1897 castrorum,

225 1916 410 1948 terrarum
436 1915 495 1948 vel
522 1915 681 1948 aliorum
705 1915 875 1947 locorum
894 1914 1102 1952 extiterint,
1120 1914 1272 1954 praeter
1293 1921 1432 1954 poenas
1454 1913 1719 1954 praescriptas,
1737 1912 1851 1944 omni-

225 1970 305 2010 buS‚
331 1979 426 2011 quae
451 1979 473 2003 a
496 1970 668 2003 Romana
690 1969 749 2003 vel
767 1969 852 2002 aliis
876 1968 1046 2002 ecclesiis
1072 1968 1368 2009 quibuscumque
1383 1968 1513 2000 tenent
1528 1968 1567 2000 in
1583 1968 1749 2008 feudum,
1771 1967 1851 2009 ipso

224 2025 323 2058 facto
348 2025 584 2058 decernimus
608 2026 690 2058 fore
719 2025 885 2066 privatos
913 2024 990 2056 sive
1014 2023 1182 2065 privata3
1208 2023 1262 2055 ita
1278 2022 1376 2063 quod
1403 2023 1448 2055 ad
1473 2022 1662 2063 ecclesias,
1691 2023 1737 2056 ad
1761 2032 1852 2065 quas

226 2080 409 2122 spectant,
435 2079 502 2113 illa
518 2080 638 2113 libere
657 2080 737 2113 sine
756 2079 1055 2112 contradictione
1073 2078 1199 2119 aliqua
1216 2078 1455 2110 revertantur
1472 2088 1480 2115 ς
1507 2086 1711 2119 eorumque
1727 2077 1851 2111 eccle-

226 2135 367 2168 siarum
394 2134 553 2177 praelati
593 2136 671 2168 sive
704 2135 872 2167 rectores
903 2135 948 2166 de
973 2133 1064 2174 ipsis
1100 2142 1167 2174 pro
1200 2142 1267 2165 sua
1292 2131 1484 2165 voluntate
1508 2133 1718 2174 disponant,
1757 2133 1854 2166 sicut

227 2189 382 2223 utilitati
400 2189 646 2223 ecclesiarum
672 2190 839 2231 ipsorum
864 2188 1029 2221 viderint
1059 2187 1249 2229 expedire.
1277 2186 1381 2219 Nulli
1409 2196 1514 2228 ergo,
1540 2188 1610 2220 etc.
1639 2188 1853 2220 nostrorum

228 2244 451 2284 donationis,
477 2244 741 2284 concessionis,
767 2243 932 2284 unionis,
962 2242 1289 2284 incorporationis,
1318 2241 1592 2283 applicationis,
1618 2242 1853 2281 annexionis,

230 2298 507 2338 reservationis,
548 2297 798 2337 inhibitioniS,
829 2297 1032 2329 voluntatis
1077 2298 1114 2329 et
1151 2297 1429 2329 constitutionis
1463 2297 1684 2339 infringere,
1721 2296 1790 2329 etc.
1817 2296 1855 2329 Si

229 2352 323 2393 quis,
349 2353 419 2385 etc.

274 2407 410 2440 Datum
427 2407 606 2447 Viennae,
625 2408 731 2440 sexto
748 2416 864 2440 nonas
883 2407 988 2448 Maii,
1008 2406 1247 2448 pontificatus
1265 2406 1383 2438 nostri
1401 2415 1496 2439 anno
1509 2406 1679 2448 septimo.

578 2483 713 2524 Mansi,
734 2482 908 2523 Conciliat,
923 2483 1005 2516 deel
1019 2483 1136 2523 XXV,
1155 2482 1223 2515 blz.
1241 2482 1398 2516 389-392.

886 2614 954 2657 42
988 2609 1191 2672 (173t2r).

293 2744 412 2791 1312,
460 2742 558 2786 Mei
597 2745 662 2792 16,
700 2742 917 2786 Liberoni
951 2742 1019 2798 (ἒ),
1067 2741 1242 2784 bisdom
1283 2740 1484 2783 Valence.
1520 2740 1599 2782 Bul
1636 2752 1719 2782 van
1761 2739 1854 2783 Cle·

234 2824 353 2853 mens
373 2811 429 2861 V,
457 2811 626 2867 gericht
650 2815 714 2854 tot
738 2810 960 2854 Robrecht
982 2825 1063 2854 van
1084 2809 1296 2860 Bethune‚
1318 2808 1448 2864 graaf
1457 2822 1539 2851 van
1558 2808 1851 2859 Vlaanderen,

236 2892 340 2921 over
361 2879 412 2921 de
443 2878 710 2935 bezittingen
745 2879 821 2922 der
855 2878 1198 2936 Tempelridders
1231 2877 1274 2920 in
1308 2877 1392 2934 zijn
1425 2876 1697 2934 graafschap.
1721 2899 1775 2906 —
1796 2877 1856 2920 Dc

228 2960 334 3004 paus
367 2947 609 3000 herinnert,
637 2948 710 2992 dat
747 2948 807 3006 hij
843 2948 894 2991 de
934 2947 1036 2992 orde
1059 2948 1134 2991 der
1158 2947 1505 3004 Tcmpclridders
1526 2948 1708 3004 onlangs
1730 2947 1855 2993 heeft
