2050 3470
802 202 939 237 ANNO
965 200 1151 235 1349-1350
1729 202 1791 235 103

206 317 382 350 Decanus
399 316 525 350 autem
542 316 581 349 et
597 313 815 357 capitulum,
831 313 908 356 qui,
941 313 1029 347 sede
1056 314 1224 354 vacante,
1256 314 1365 347 erant
1385 312 1580 352 ordinarii,
1610 320 1788 345 convoca-

157 372 294 406 verunt
309 371 356 404 de
380 370 574 414 religiosis
591 369 889 403 mendicantibus
906 369 944 402 et
959 368 1006 402 de
1029 368 1161 410 peritis
1178 367 1349 410 pluribus
1367 377 1450 400 cum
1468 366 1556 407 illis,
1576 367 1639 408 qui
1666 367 1788 409 scrip-

159 428 288 460 serant
319 426 435 459 verba
467 425 557 458 dicti
586 424 870 467 praedicatoris,
904 425 942 457 et
973 432 1057 456 cum
1085 423 1214 456 multis
1245 422 1330 456 aliis
1358 422 1527 465 personis
1551 422 1724 455 discretis
1751 423 1790 455 et

157 481 394 520 venerandis,
421 480 682 513 examinantes
707 489 770 513 eos
795 488 908 522 super
941 479 1143 521 propositis
1168 480 1206 512 et
1229 478 1338 511 dictis
1363 478 1400 510 in
1419 477 1674 520 predicatione
1691 478 1790 511 ante-

159 536 406 569 dictaadicto
420 535 553 574 fratre,
579 536 616 568 et
644 544 757 577 super
780 534 851 567 hoc
878 534 1182 567 deliberaverunt
1206 534 1243 566 et
1271 534 1442 566 fecerunt
1466 532 1671 574 publicare,
1690 533 1789 574 quod

159 591 258 624 totus
275 590 398 624 clerus
411 591 449 623 et
466 590 637 632 religiosi
657 598 785 622 omnes
803 591 840 623 et
864 589 1024 632 populus
1040 589 1318 631 processionem
1342 588 1513 621 faciendo
1531 588 1788 629 convenirent,

159 645 267 679 nudis
284 645 453 687 pedibus,
469 645 549 678 siue
564 645 740 685 camisiis,
755 645 815 678 die
835 645 966 677 Martis
990 644 1160 686 proximo
1186 644 1383 684 venientis,
1401 645 1439 676 et
1463 643 1572 676 fieret
1596 642 1785 684 processio

158 698 197 732 in
227 699 456 741 parrochiali
489 699 650 734 ecclesia
681 701 714 732 b.
747 699 970 738 Katherinc,
1008 708 1030 732 a
1056 709 1129 740 quo
1154 699 1235 732 loco
1262 699 1429 732 redirent
1452 698 1490 731 in
1518 698 1788 731 monasterium

157 754 193 789 S.
220 754 387 795 Martini,
414 755 543 797 ibique
576 755 837 797 predicaretur
864 755 1019 788 verbum
1050 755 1131 788 Dei.
1166 754 1208 788 In
1234 763 1308 796 qua
1331 753 1570 796 processione
1598 753 1787 795 portatum

156 808 228 842 fuit
257 818 280 842 a
303 809 454 842 domino
479 809 620 843 decano
640 819 723 842 cum
742 819 815 842 uno
840 809 914 842 alio
933 810 1112 842 canonico
1137 809 1331 842 sacerdote
1348 807 1642 841 sacratissimum
1667 816 1790 840 sacra-

157 865 325 897 mentum
341 864 511 906 corporis
535 865 677 897 domini
697 865 814 897 nostri
846 864 964 898 Jhesu
983 865 1108 904 Cristi,
1132 865 1462 905 conveneruntque
1486 871 1615 895 omnes
1632 863 1671 895 in
1687 863 1787 896 dicto

157 919 407 961 monasteri03
453 929 527 952 non
562 923 688 953 tamen
719 920 792 953 fuit
822 921 927 953 tanta
958 920 1055 953 sicut
1089 921 1213 953 fuerat
1252 920 1290 952 in
1330 919 1518 952 dominica
1556 918 1786 960 precedenti.

158 974 292 1008 Frater
307 976 433 1008 autem
450 975 653 1015 Robertus,
679 976 725 1008 de
749 975 880 1009 ordine
905 976 1022 1008 sancti
1047 975 1263 1018 Augustini,
1295 975 1451 1007 verbum
1479 973 1549 1007 Dei
1567 973 1785 1016 predicavit,

159 1030 352 1073 assumpta
374 1030 536 1063 materia
567 1030 613 1063 de
630 1031 742 1063 surdo
771 1032 808 1063 et
825 1031 928 1063 muto
952 1031 1082 1063 sanato
1100 1039 1122 1063 a
1138 1029 1293 1062 Domino
1318 1029 1446 1062 nostro
1469 1027 1587 1062 Jhesu
1606 1028 1727 1061 Cristo
1752 1029 1791 1062 et

161 1083 445 1127 elegantissime
462 1086 500 1117 et
513 1084 776 1118 sollertissime
790 1084 977 1127 exposuit,
995 1085 1152 1118 virtutes
1169 1083 1355 1116 laudando
1372 1084 1410 1116 et
1426 1082 1522 1115 vicia
1538 1083 1786 1125 reprobando.

158 1138 203 1173 In
221 1139 296 1172 fine
324 1141 451 1173 autem
483 1140 669 1174 sermonis
686 1140 857 1173 faciendo
886 1140 1229 1172 commendationes
1246 1140 1283 1172 et
1308 1138 1510 1177 orationes,
1530 1139 1571 1170 ut
1587 1138 1702 1171 moris
1719 1140 1788 1179 est,

159 1194 287 1227 omisit
316 1203 383 1237 pro
407 1194 623 1237 hujusmodi
655 1192 910 1237 penitentibus
942 1203 1122 1235 exorare3
1152 1195 1283 1237 postea
1299 1194 1419 1227 dixit:
1441 1208 1456 1221 u
1476 1194 1505 1228 Ο
1523 1195 1619 1228 bone
1643 1198 1787 1237 gentes,

164 1249 406 1283 commissum
424 1252 481 1283 est
495 1250 610 1283 michi
635 1250 740 1283 vobis
764 1250 890 1283 dicere
915 1250 961 1283 de
984 1251 1115 1290 fratre,
1142 1250 1206 1291 qui
1230 1250 1268 1282 in
1296 1249 1484 1282 dominica
1510 1249 1728 1292 precedenti
1751 1250 1790 1283 in

159 1304 324 1338 hocloco
339 1305 560 1347 predicavit,
576 1305 674 1347 quod
688 1305 768 1347 ipse
781 1305 877 1337 dixit
893 1305 1009 1337 verba
1025 1305 1136 1337 fidem
1150 1304 1356 1347 tangentia,
1379 1304 1623 1346 exprimendo
1650 1304 1790 1346 aliqua,

158 1361 198 1394 et
223 1360 323 1393 inter
349 1361 476 1394 cetera
491 1360 538 1395 de
555 1360 837 1403 comparatione
855 1360 1050 1403 sanguinis
1068 1359 1219 1392 Domini
1244 1360 1363 1392 nostri
1386 1359 1505 1393 Jhesu
1523 1359 1634 1392 Cristi
1651 1360 1689 1393 et
1706 1359 1787 1392 illo-

128 1435 131 1438 >
157 1425 243 1450 rum
256 1416 454 1449 hominum
468 1414 762 1459 [penitentium],
778 1415 894 1457 quise
908 1415 1198 1448 verberabant...
1210 1430 1226 1443 „
1240 1414 1288 1448 Et
1300 1415 1339 1447 in
1357 1414 1789 1456 continenti,antequam

160 1472 287 1515 posset
300 1471 410 1504 finire
428 1471 543 1503 verba
560 1479 639 1510 sua,
659 1469 775 1512 aliqui
801 1471 932 1503 contra
949 1469 1134 1503 rationem
1162 1471 1200 1503 et
1217 1470 1526 1503 consuetudinem
1544 1470 1792 1503 surrexerunt

158 1525 381 1559 clamantes:
404 1538 420 1552 ιι
432 1524 603 1565 Domine,
614 1534 678 1557 vos
694 1523 793 1558 male
806 1525 897 1558 estis
914 1525 1151 1564 informatus
1167 1525 1256 1567 quia
1270 1525 1389 1558 frater
1402 1524 1599 1567 predicans
1612 1523 1704 1557 talia
1716 1534 1790 1558 non

157 1581 264 1614 dixit.
282 1596 298 1610 n
316 1581 364 1614 Et
381 1580 510 1613 statim
527 1589 655 1613 omnes
679 1579 751 1612 viri
776 1582 814 1613 et
838 1579 1017 1613 mulieres
1047 1581 1230 1622 ceperunt
1247 1588 1483 1613 murmurare
1500 1580 1539 1613 et
1561 1579 1725 1613 clamare
1752 1580 1791 1612 et

158 1637 289 1670 mutuo
304 1635 445 1675 dicere,
472 1635 570 1677 quod
596 1636 714 1668 frater
738 1635 938 1677 predicans
953 1634 1047 1668 talia
1061 1635 1177 1668 verba
1194 1644 1268 1668 non
1282 1635 1442 1669 dixerat.
1461 1635 1641 1677 Imposito
1666 1631 1792 1668 autem

157 1700 242 1725 cum
276 1699 416 1734 magna
440 1689 662 1724 difficultate
687 1689 857 1728 silencio,
883 1690 1053 1732 dixitque
1077 1691 1198 1724 frater
1222 1691 1413 1724 Robertus
1438 1689 1566 1724 volens
1590 1691 1790 1734 pacificare

157 1744 358 1788 populum:
379 1759 395 1773 u
411 1745 493 1789 Ego
511 1746 589 1779 dixi
614 1746 719 1779 vobis
733 1746 832 1788 quod
855 1745 971 1778 miehi
991 1746 1233 1778 commissum
1252 1747 1321 1785 est,
1343 1747 1382 1779 et
1399 1755 1445 1779 ex
1462 1755 1535 1788 quo
1553 1747 1689 1780 tenetis
1707 1756 1792 1781 con-

157 1801 330 1841 trarium,
351 1803 490 1835 bonum
507 1802 575 1841 est,
594 1810 664 1835 nec
687 1800 885 1843 displiceat
911 1801 1017 1834 vobis
1044 1801 1256 1834 observatio
1274 1801 1373 1841 fidei,
1393 1801 1482 1843 quia
1497 1803 1644 1844 tempus
1671 1804 1728 1835 est
1750 1803 1792 1836 ut

156 1867 229 1901 pax
246 1859 285 1892 et
316 1856 573 1899 tranquillitas
597 1857 698 1890 inter
714 1866 780 1890 vos
808 1864 938 1890 omnes
956 1856 1188 1890 observetur.
1206 1872 1222 1885 „
1249 1856 1295 1889 Et
1322 1865 1456 1899 parum
1474 1857 1694 1899 proficiebat
1711 1858 1792 1900 ejus

158 1914 346 1957 mitigatio
367 1914 404 1946 et
420 1912 583 1955 loquela,
613 1913 702 1954 quia
724 1911 885 1955 populus
909 1913 1075 1945 surrexit
1090 1913 1360 1945 murmurando
1377 1913 1416 1945 et
1441 1914 1571 1945 mutuo
1599 1922 1639 1947 se
1664 1923 1794 1956 provo-

157 1968 276 2002 cando
305 1968 488 2010 dicenteS,
518 1968 616 2010 quod
641 1967 734 2001 talia
756 1967 983 2010 proveniunt
1014 1966 1060 2001 de
1088 1967 1382 2000 mendicantium
1411 1967 1616 2002 ordinibus,
1642 1969 1690 2002 Et
1714 1970 1793 2002 tota

159 2023 227 2057 illa
243 2023 304 2057 die
321 2024 396 2057 fuit
409 2024 544 2067 ingens
561 2023 743 2056 tumultus
760 2032 828 2066 per
844 2023 962 2056 totam
979 2022 1170 2056 civitatem
1186 2032 1299 2065 super
1322 2023 1441 2055 dictos
1459 2023 1610 2057 ordines
1626 2025 1664 2057 et
1680 2033 1794 2066 super

159 2082 280 2114 totum
305 2080 461 2114 clerum.
483 2079 680 2112 Dominica
697 2080 823 2112 autem
846 2079 1032 2120 sequenti,
1050 2078 1153 2111 venit
1170 2078 1306 2112 iterato
1324 2079 1514 2120 processio
1531 2080 1739 2112 communis
1755 2080 1794 2113 in

159 2134 302 2168 dictum
328 2134 613 2173 monasterium,
632 2134 670 2167 et
686 2133 826 2166 ibidem
857 2135 895 2167 in
931 2133 1013 2167 loco
1032 2134 1233 2173 antedicto,
1263 2134 1501 2176 presentibus
1526 2135 1727 2177 prepositis
1758 2136 1797 2168 et

157 2188 480 2233 gubernatoribus
497 2189 673 2229 civitatis,
692 2189 765 2222 fuit
789 2199 811 2223 a
835 2191 954 2223 fratre
970 2189 1140 2223 Roberto
1170 2189 1417 2232 predicatum,
1445 2190 1482 2222 et
1498 2188 1658 2231 populus
1682 2198 1796 2232 super

159 2244 419 2288 predicatione
449 2253 518 2277 sua
549 2243 825 2286 aliquantulum
857 2245 1065 2288 mitigatus.
1095 2245 1175 2278 Nec
1203 2246 1260 2277 est
1294 2244 1659 2287 pretermittendum,
1697 2245 1796 2286 quod

159 2299 282 2332 dictus
307 2300 427 2332 frater
457 2299 623 2341 jacobita
650 2299 689 2332 in
712 2298 804 2332 villa
835 2299 881 2332 de
908 2286 1161 2333 Valenchenis
1193 2298 1332 2332 similia
1363 2299 1460 2331 sicut
1483 2298 1521 2331 in
1553 2298 1724 2332 Tornaco
1760 2300 1798 2332 et

160 2353 347 2397 ampliora
379 2354 607 2397 predicavit3
637 2353 736 2387 unde
752 2355 904 2396 quidam
919 2354 1050 2388 clerici
1066 2354 1230 2388 scolares
1258 2355 1342 2397 post
1365 2362 1576 2387 sermonem
1592 2354 1747 2387 fuerunt
1762 2354 1798 2387 ei

160 2411 412 2452 opponentes3
433 2410 498 2444 sed
516 2412 672 2453 propter
690 2411 924 2451 societatem,
942 2420 1026 2444 cum
1042 2420 1116 2453 qua
1130 2411 1220 2451 ibat,
1240 2411 1361 2452 ipsum
1378 2410 1483 2443 abire
1499 2409 1744 2450 dimiserunt3
1763 2410 1802 2443 et

161 2464 232 2498 hoc
249 2465 342 2498 scivi
366 2475 388 2499 a
412 2465 586 2508 pluribus
611 2465 753 2499 ibidem
781 2467 1037 2509 presentibus.
1064 2467 1111 2501 Et
1135 2467 1189 2500 sic
1213 2466 1303 2499 fecit
1322 2466 1359 2498 in
1376 2464 1548 2508 pluribus
1576 2464 1681 2504 locis,
1705 2464 1802 2497 sicut

161 2520 388 2554 invenerunt
403 2520 460 2554 illi
479 2521 525 2555 de
539 2521 710 2554 Tornaco
727 2523 839 2563 atque
856 2522 1057 2555 sciverunt.

208 2579 398 2618 Quomodo
425 2580 480 2614 illi
504 2580 549 2615 de
573 2581 740 2615 Tornaco
764 2592 803 2616 se
813 2587 1116 2626 preparaverunt
1140 2581 1190 2616 ad
1208 2582 1454 2626 penitentiam
1476 2579 1596 2621 illam,
1613 2585 1655 2613 ut
1677 2579 1754 2613 alii.

204 2635 378 2670 Salvator
398 2638 526 2670 noster
540 2637 713 2671 dominus
732 2636 870 2671 Jhesus
889 2637 1045 2677 Cristus‚
1061 2638 1211 2680 quando
1230 2638 1268 2671 in
1293 2647 1386 2671 cena
1402 2637 1493 2671 lavit
1509 2637 1622 2679 pedes
1647 2644 1800 2669 suorum

161 2690 451 2733 discipulorum,
473 2693 569 2726 dixit
584 2693 660 2726 eis:
690 2706 706 2720 u
725 2692 952 2736 Exemplum
971 2693 1055 2727 dedi
1073 2693 1191 2733 vobis,
1209 2695 1251 2726 ut
1267 2692 1578 2734 quemadmodum
1592 2692 1664 2725 feci
1682 2692 1800 2732 vobis,

162 2747 217 2780 ita
229 2749 266 2780 et
280 2756 344 2779 vos
365 2748 526 2781 invicem
545 2748 706 2788 faciatis,
725 2750 762 2781 et
775 2747 868 2782 haec
885 2750 942 2782 est
954 2748 1179 2782 humilitatis
1191 2749 1261 2781 via.
1279 2763 1295 2776 η

209 2802 257 2835 Et
274 2802 304 2835 si
321 2802 500 2836 debemus
526 2804 572 2836 de
591 2804 697 2837 bonis
715 2813 863 2837 sumere
900 2804 1084 2846 exempla,
1115 2803 1185 2837 hoe
1211 2804 1372 2837 maxime
1390 2803 1436 2837 de
1464 2804 1591 2836 nostro
1609 2801 1800 2842 Creatore,

165 2856 255 2898 quia
270 2855 358 2898 plus
376 2859 534 2899 prosunt
553 2858 727 2901 exempla
743 2867 854 2900 quam
871 2859 1007 2899 verba;
1025 2859 1089 2892 sed
1106 2859 1219 2892 verba
1237 2859 1347 2900 atque
1367 2858 1539 2901 exempla
1553 2857 1671 2891 Jhesu
1689 2857 1801 2890 Cristi

166 2911 370 2946 salvatoris
388 2913 507 2947 totum
522 2916 579 2947 est
593 2914 700 2947 nobis
726 2914 898 2948 omnibus
915 2914 960 2948 ad
974 2913 1170 2948 medelam.
1189 2913 1368 2947 videntes
1391 2915 1517 2948 autem
1534 2911 1801 2956 quamplurimi
