2050 3470
846 236 985 273 ANNO
1014 236 1098 271 1419
1732 242 1798 276 405

140 349 428 392 principalibus,
464 350 571 383 cuius
599 349 774 392 probatio
803 350 908 392 patet
931 350 969 383 in
987 351 1151 385 tractatu
1169 351 1207 385 et
1219 351 1401 395 precipue
1418 353 1455 385 in
1474 352 1636 397 legibus,
1664 354 1795 389 codice

140 406 188 438 de
217 405 523 439 mendicantibus
548 405 696 447 validis,
727 406 817 447 etc.,
846 405 1036 447 videlicet,
1064 408 1164 449 quod
1183 407 1310 441 nullus
1335 417 1494 451 corpore
1518 408 1663 443 validus
1688 411 1797 445 extra

139 469 268 494 veram
297 459 504 493 utilitatem
533 458 572 494 ct
595 470 724 495 veram
749 462 1016 495 necessitatem
1035 462 1202 496 existens
1220 463 1345 504 potest
1361 464 1442 497 sine
1458 465 1613 506 peccato
1640 464 1793 500 Christi-

141 516 311 549 fidelium
340 515 570 549 elemosinas
598 516 735 550 tollere
762 515 821 559 (1).

183 571 357 605 “Plures
388 570 484 604 alias
518 571 784 606 conclusiones
818 582 884 606 seu
917 572 1099 606 articulos
1138 574 1297 616 ponunt,
1335 583 1429 616 quos
1461 584 1653 617 nunquam
1685 578 1792 619 posui

138 636 208 661 nec
240 627 419 670 cogitavi,
445 628 487 659 ut
511 627 657 669 patebit
685 636 731 660 ex
756 628 922 669 scriptis,
950 637 1022 670 que
1049 628 1164 661 michi
1194 629 1405 672 imponunt.
1437 630 1590 663 Ponunt
1617 631 1731 665 etiam
1755 633 1794 666 in

136 684 211 717 fine
236 684 294 717 sui
319 682 424 724 libri,
450 691 563 724 quem
595 683 726 716 dicunt
754 693 794 716 se
819 684 865 717 de
889 692 973 717 meo
1001 684 1198 726 copiasse:
1228 698 1241 714 ι
1263 684 1430 727 Explicit
1454 686 1638 719 tractatus
1661 689 1794 722 contra

135 741 274 773 fratres
303 740 341 773 et
364 748 517 772 sorores
548 740 654 772 tertii
681 739 826 772 ordinis
847 752 875 779 ι,
907 739 1007 782 quod
1031 740 1069 773 in
1094 741 1174 773 toto
1200 741 1363 783 fingunt,
1389 743 1427 775 et
1455 742 1570 775 etiam
1593 752 1792 785 processus

135 795 225 828 libri
258 794 410 828 docebit
433 795 666 836 oppositum.

180 863 195 881 «
214 851 305 891 Ista,
320 851 641 885 reverendissime
658 852 783 893 pater,
803 852 923 885 offero
943 852 1049 885 vobis
1068 852 1230 886 videnda
1247 853 1427 894 breviter,
1446 855 1486 887 ut
1510 855 1662 897 possitis
1680 856 1790 897 scire,

134 916 208 949 quo
241 906 374 939 ordine
407 915 478 949 ego
503 915 602 948 pono
632 907 724 940 istas
752 906 1029 950 conclusiones,
1061 908 1100 941 et
1129 917 1202 950 quo
1236 909 1369 942 ordine
1395 910 1603 944 adversarii
1626 921 1695 954 per
1720 912 1792 946 hoc

133 971 194 996 me
211 961 348 996 callide
365 962 543 1004 decipere
561 961 777 1002 molientes,
795 963 866 996 etc.
888 963 1197 997 Declarationem
1222 965 1338 998 etiam
1356 966 1516 999 istorum
1541 967 1789 1002 articulorum

132 1017 374 1060 presentabo,
393 1027 536 1061 rogans
561 1018 634 1051 nisi
656 1018 859 1052 veritatem
885 1019 1015 1052 dicere
1040 1020 1198 1061 propter
1216 1020 1306 1054 fidei
1332 1021 1606 1063 sinceritatem,
1624 1032 1699 1056 non
1724 1024 1788 1057 ha-

130 1074 254 1107 bendo
288 1074 505 1116 respectum
531 1074 577 1107 ad
606 1074 852 1114 scribentem,
879 1084 948 1107 nec
978 1075 1080 1116 peto,
1115 1075 1214 1117 quod
1247 1074 1365 1109 michi
1397 1078 1589 1120 parcatur,
1623 1079 1653 1112 si
1678 1080 1786 1113 fuero

127 1128 166 1161 in
198 1129 381 1171 predictis
410 1128 467 1162 vel
501 1128 586 1162 aliis
613 1128 838 1172 culpabilis3
870 1129 928 1162 sin
964 1130 1103 1169 autem,
1138 1130 1279 1163 veritas
1306 1131 1395 1165 fidei
1420 1133 1622 1167 adiuvetur
1655 1136 1788 1168 contra

128 1185 210 1218 eius
239 1184 489 1219 adversarios.

173 1254 189 1271 «
207 1240 377 1283 Explicit
404 1240 579 1284 epilogus
608 1240 702 1273 alibi
728 1238 917 1282 prolixius
942 1240 1154 1281 positorum
1187 1241 1233 1274 ad
1266 1241 1471 1275 videndum
1496 1243 1664 1277 breviter
1685 1254 1786 1278 men-

126 1297 203 1331 tem
221 1296 485 1331 ·articulorum
509 1297 548 1330 et
572 1296 775 1329 scribentis
800 1296 968 1335 eosdem,
988 1305 1034 1328 ne
1053 1296 1099 1329 ab
1117 1297 1348 1330 adversariis
1366 1298 1507 1332 veritas
1525 1300 1563 1332 et
1580 1309 1602 1332 a
1618 1299 1786 1335 falsitate

125 1353 248 1395 ipsam
275 1352 414 1386 callide
443 1352 621 1386 simiante
647 1353 694 1385 de
722 1351 862 1384 finibus
891 1351 1063 1385 fidelium
1092 1351 1254 1386 ulterius
1281 1353 1396 1386 exilio
1422 1354 1610 1397 religetur
1637 1358 1738 1398 quod
1763 1367 1786 1391 a

125 1409 381 1453 quadraginta
415 1408 524 1442 annis
553 1409 650 1442 citra
673 1408 713 1440 in
741 1406 873 1440 multis
905 1408 1036 1441 mundi
1077 1408 1249 1450 partibus
1285 1418 1405 1451 usque
1436 1410 1476 1442 in
1506 1420 1664 1453 presens
1708 1412 1782 1446 heu

125 1465 269 1498 factum
299 1465 369 1498 est.

171 1534 185 1550 ι
206 1520 263 1554 Ex
293 1520 430 1562 quibus
462 1520 651 1562 sequitur,
681 1519 782 1561 quod
806 1519 979 1562 predicta
1006 1519 1081 1552 tria
1106 1519 1315 1553 Salvatoris
1338 1520 1499 1554 consilia
1522 1521 1598 1554 sint
1621 1522 1675 1556 ita
1699 1533 1783 1557 con-

126 1576 341 1616 cathenata,
367 1576 422 1616 ut,
448 1576 514 1609 ubi
537 1577 743 1618 paupertas
762 1575 952 1609 veraciter
969 1584 1035 1608 seu
1053 1576 1250 1608 meritorie
1274 1576 1480 1619 invenitur,
1499 1579 1663 1621 oportet,
1681 1580 1781 1622 quod

123 1633 341 1666 necessaria
357 1631 578 1666 obedientia
590 1632 629 1665 et
646 1631 799 1664 castitas
817 1631 1007 1664 veraciter
1023 1640 1089 1664 seu
1106 1631 1304 1665 meritorie
1319 1632 1581 1676 inveniantur3
1595 1635 1781 1677 probatur

123 1688 208 1728 ista,
239 1688 330 1729 quia
351 1696 452 1730 papa
482 1688 536 1721 sic
560 1688 687 1730 arguit
712 1688 751 1720 in
769 1687 953 1720 decretali
982 1685 1075 1721 Cum
1097 1685 1143 1720 de
1166 1685 1390 1731 quibusdam
1410 1698 1417 1720 ε
1445 1688 1517 1728 Qui
1541 1699 1616 1723 non
1641 1699 1778 1724 renun-

124 1743 222 1777 tiant
250 1744 432 1787 propriis,
451 1753 527 1777 non
552 1744 639 1776 sunt
655 1742 831 1786 religiosi
851 1754 859 1785 ς
894 1752 986 1786 ergo
1012 1743 1180 1786 propriis
1204 1743 1470 1777 renuntiantes
1493 1745 1581 1778 sunt
1603 1746 1777 1790 religiosi

123 1800 162 1834 et
178 1800 302 1833 omnis
326 1799 534 1843 religiosus
551 1800 609 1833 est
633 1799 849 1833 necessario
868 1798 980 1832 simul
999 1808 1084 1832 cum
1108 1800 1336 1842 paupertate
1361 1801 1408 1833 ad
1434 1800 1510 1834 alia
1527 1801 1600 1834 duo
1619 1802 1778 1837 consilia

120 1856 310 1890 veraciter
339 1855 546 1899 obligatus.
579 1856 641 1898 (2).
672 1856 776 1899 Ergo
808 1856 981 1897 sequitur
1011 1854 1218 1895 conclusio,
1246 1864 1359 1896 quam
1393 1855 1487 1889 alias
1519 1857 1558 1890 in
1590 1857 1665 1891 alio
1692 1858 1774 1892 loco

119 1911 232 1945 latius
256 1912 438 1955 probabo,
467 1912 506 1945 et
533 1912 660 1954 potest
690 1912 782 1954 poni
807 1912 893 1954 post
917 1911 1038 1950 illam,
1064 1920 1136 1952 que
1161 1910 1317 1952 ponitur
1342 1911 1388 1944 ab
1414 1911 1643 1946 adversariis
1667 1915 1776 1948 sext-a

119 1968 158 2001 in
184 1968 318 2002 ordine
352 1976 499 2002 eorum.
522 1980 536 1997 ι»

163 2024 449 2066 Subsequenter
478 2032 567 2057 vero
601 2025 816 2067 comparuit
840 2025 880 2057 in
912 2023 1054 2057 iudicio
1088 2032 1217 2056 coram
1241 2023 1394 2056 domino
1422 2024 1621 2064 cardinali.
1647 2025 1773 2060 iudice

116 2081 155 2114 et
184 2080 446 2114 commissario
477 2081 642 2123 prefato,
675 2081 858 2123 providus
887 2081 945 2113 vir
969 2080 1155 2123 magister
1194 2079 1436 2113 Everhardus
1476 2080 1623 2122 Swane,
1656 2082 1772 2115 etiam

116 2137 321 2180 instigator
337 2145 404 2170 seu
420 2137 619 2179 promotor
636 2137 766 2177 officii,
788 2137 826 2170 et
846 2136 1031 2169 nonnulla
1048 2136 1146 2175 iura,
1165 2135 1310 2175 literas,
1329 2136 1584 2170 instrumenta
1601 2138 1639 2170 et
1651 2138 1772 2171 muni-

115 2193 245 2226 menta
271 2193 372 2226 facto
398 2194 436 2225 et
463 2192 502 2225 in
531 2193 684 2235 scriptis
717 2192 892 2226 exhibuit
919 2193 1033 2234 atque
1060 2192 1256 2234 produxit.
1284 2192 1331 2225 Et
1360 2193 1449 2225 tunc
1481 2193 1563 2234 ipse
1595 2194 1769 2227 dominus

116 2247 336 2290 cardinalis,
355 2249 470 2282 iudex
487 2249 525 2281 et
541 2249 838 2289 commissarius,
857 2249 905 2282 ad
921 2248 1012 2281 dicti
1029 2248 1205 2290 magistri
1222 2247 1433 2281 Everhardi
1448 2248 1595 2291 Swane,
1614 2249 1770 2292 instiga-

115 2304 210 2337 toris
227 2313 294 2338 seu
311 2304 543 2346 promotoris
569 2305 698 2345 officii,
724 2305 945 2338 instantiam
962 2305 1154 2346 prefatum
1170 2304 1330 2337 fratrem
1347 2303 1542 2337 Matheum
1571 2304 1618 2337 ad
1645 2305 1770 2338 dicen-

115 2359 206 2392 dum
233 2360 271 2392 et
303 2360 573 2402 opponendum
605 2360 790 2402 quidquid
814 2360 928 2393 verbo
960 2359 1019 2393 vel
1052 2359 1091 2391 in
1124 2359 1274 2401 scriptis
1303 2358 1431 2393 dicere
1463 2359 1542 2393 sive
1574 2369 1767 2403 opponere

115 2414 232 2448 vellet
259 2416 393 2448 contra
409 2414 627 2448 huiusmodi
643 2417 743 2457 iura,
765 2415 927 2455 litteras,
945 2416 1199 2448 instrumenta
1216 2416 1253 2448 et
1265 2415 1515 2457 munimenta,
1534 2425 1603 2458 per
1619 2418 1766 2450 certum

114 2471 259 2515 domini
273 2471 394 2504 nostri
407 2480 505 2514 pape
522 2481 719 2505 cursorem
736 2471 848 2505 citari
865 2471 1057 2504 mandavit
1074 2472 1112 2504 et
1127 2471 1221 2504 fecit
1237 2472 1284 2504 ad
1302 2472 1449 2504 certum
1465 2473 1765 2514 peremptorium

114 2527 320 2561 terminum
345 2528 637 2570 competentem.
652 2528 697 2562 In
715 2537 788 2570 quo
807 2528 959 2569 quidem
972 2527 1136 2561 termino
1152 2536 1221 2570 per
1238 2527 1362 2570 ipsum
1378 2528 1537 2562 fratrem
1555 2527 1764 2570 Matheum,

155 2689 201 2733 (1)
227 2690 311 2725 Ook
343 2692 390 2725 de
418 2691 576 2737 stelling
598 2691 741 2727 Nullus
765 2703 919 2737 corpore
940 2691 1145 2726 validus....
1171 2691 1404 2738 elemosynas
1432 2691 1560 2726 tollere
1588 2692 1694 2726 komt
1724 2693 1762 2727 in

112 2746 304 2780 Grabow's
321 2748 446 2781 eerste
471 2748 676 2782 aanklacht
699 2759 804 2791 voor,
830 2749 1038 2782 hierboven
1056 2758 1103 2791 op
1120 2748 1191 2782 blz.
1209 2748 1275 2781 218
1291 2748 1496 2782 onderaan.

155 2801 202 2844 (2)
228 2803 327 2836 Deze
344 2804 552 2847 paragraaf
574 2804 634 2838 Εω
657 2803 790 2848 quibus
816 2805 985 2849 sequitur
1009 2805 1065 2836 tot
1088 2803 1237 2838 hiertoe
1265 2803 1372 2837 komt
1396 2803 1470 2837 ook
1494 2812 1586 2836 voor
1609 2804 1648 2837 in
1673 2805 1763 2838 Gra-

111 2858 226 2892 bow’s
249 2861 374 2893 eerste
402 2859 621 2903 aanklacht,
649 2860 859 2894 hierboven
887 2860 1096 2903 asgedrukt
1131 2869 1178 2902 op
1211 2859 1280 2893 blz.
1306 2859 1385 2901 218,
1410 2859 1488 2892 219.
1520 2859 1626 2893 Doch
1650 2860 1696 2894 de
1719 2860 1764 2893 25

109 2913 261 2947 articuli
287 2919 321 2948 et
351 2914 618 2959 conclusiones,
654 2916 716 2951 die
741 2925 784 2951 er
816 2926 863 2961 op
888 2915 1027 2961 volgen
1054 2915 1138 2960 (blz.
1172 2914 1238 2949 219
1264 2924 1310 2950 en
1334 2914 1426 2960 220),
1450 2916 1524 2959 zijn
1552 2915 1638 2950 hier
1661 2925 1761 2961 weg-

110 2969 312 3016 gebleven.
