2050 3470
272 315 336 348 loo
909 320 1044 354 ANNO
1071 320 1255 354 1349-1350

266 426 444 482 geheele
477 427 741 483 vergaderde
773 428 1006 486 bevolking
1037 429 1196 475 binnen
1234 431 1286 474 de
1322 432 1491 476 tweede
1523 434 1653 478 week
1690 448 1779 480 van
1803 436 1886 481 den

267 498 421 538 vasten
457 499 581 539 ente
614 496 746 553 gelijk
786 496 904 541 werd
941 498 994 541 de
1030 499 1266 556 pauselijke
1310 501 1548 545 veroordee
1561 503 1653 560 ling
1675 503 1752 547 der
1783 505 1890 550 Gee-

266 563 429 607 selaars
472 563 776 622 afgekondigd.
813 566 882 609 Dit
916 567 1143 612 verwekte
1180 569 1274 611 veel
1298 568 1619 628 verbittering3
1662 571 1773 616 doch
1805 587 1890 619 van

266 631 363 676 dien
386 632 471 689 dag
501 632 549 677 af
578 633 839 677 verdwenen
858 633 910 677 de
930 633 1200 688 Geeselaars,
1227 636 1268 679 al
1294 637 1345 693 zij
1369 636 1446 681 het
1476 638 1556 682 ook
1582 642 1713 696 tegen
1739 641 1813 685 wil
1836 655 1890 686 en

272 701 405 745 dank.

313 810 433 854 [Anno
452 809 714 854 MCCCXLIX]
740 820 908 845 rumores
925 812 1039 846 etiam
1063 813 1189 856 magni
1215 815 1334 854 erant,
1353 815 1450 856 quod
1467 816 1505 848 in
1526 816 1733 860 Hongaria,
1752 818 1791 851 in
1809 817 1892 853 Ala-

268 867 430 908 mannia,
448 867 487 899 in
504 866 639 899 ducatu
658 866 872 908 Brabantie,
898 867 944 901 de
968 867 1193 909 civitatibus,
1209 869 1254 902 de
1279 868 1391 909 villis,
1408 870 1452 904 de
1482 872 1625 912 castris,
1652 872 1698 906 de
1717 873 1838 915 opidis
1854 875 1893 907 et

267 922 313 954 dc
329 921 428 955 villis
445 918 715 964 campestribus
732 921 902 956 homines
919 924 1027 956 erant
1041 925 1286 965 provocantes
1309 933 1348 957 se
1365 925 1411 957 ad
1431 926 1603 967 invicem,
1629 929 1667 960 et
1683 928 1889 962 adunantes

268 976 377 1010 modo
395 977 558 1018 ducenti,
576 977 685 1010 modo
701 977 871 1018 trecenti,
885 978 995 1011 modo
1013 978 1209 1022 quingenti
1227 980 1265 1012 et
1281 979 1420 1022 plures,
1439 982 1642 1015 secundum
1658 982 1890 1025 possibilita-

266 1034 342 1066 tem
364 1032 498 1075 patrie,
529 1034 567 1065 et
588 1032 692 1065 ibant
714 1041 783 1074 per
806 1033 968 1075 patriam
983 1033 1143 1076 triginta
1160 1034 1279 1067 tribus
1303 1034 1434 1068 diebus
1459 1037 1658 1077 continuis,
1678 1038 1735 1071 bis
1757 1038 1797 1080 in
1813 1038 1887 1078 die,

266 1087 374 1120 nudis
397 1088 555 1131 pedibus
571 1088 608 1120 et
623 1096 781 1130 corpore
793 1088 944 1130 praeter
960 1088 1168 1128 femoralia,
1187 1090 1342 1132 capucia
1365 1089 1557 1131 habentes,
1577 1101 1616 1125 se
1629 1093 1889 1135 scorpionibus

265 1153 383 1186 usque
411 1144 458 1178 ad
481 1144 675 1188 sanguinis
698 1144 919 1178 effusionem
944 1145 1196 1178 verberantes.
1231 1145 1286 1177 Ad
1310 1145 1484 1179 ultimum
1507 1149 1690 1180 venerunt
1714 1147 1753 1180 in
1780 1147 1888 1181 Flan-

265 1199 396 1233 driam.
424 1197 631 1233 Veritatem
647 1200 773 1233 autem
783 1200 852 1241 rei,
870 1201 1055 1243 quomodo
1071 1201 1212 1244 incepit
1235 1202 1274 1235 et
1290 1202 1336 1234 ob
1351 1211 1462 1243 quam
1479 1212 1641 1244 causam,
1656 1204 1694 1236 et
1706 1203 1753 1237 ad
1777 1213 1887 1245 quem

266 1256 379 1289 finem
403 1255 568 1296 tendant,
586 1256 624 1289 et
650 1255 739 1298 quia
765 1264 787 1290 a
809 1256 958 1291 nemine
974 1257 1080 1300 potui
1098 1266 1210 1300 super
1235 1256 1294 1290 his
1318 1257 1527 1298 informari,
1559 1257 1644 1291 volo
1668 1258 1887 1301 registrare,

264 1311 363 1354 quod
375 1311 536 1353 probare
552 1320 626 1344 non
642 1310 820 1345 valerem.
846 1312 902 1346 De
918 1312 1027 1346 modo
1047 1312 1138 1346 facti
1154 1313 1253 1355 quod
1274 1312 1349 1346 vidi
1364 1312 1402 1346 et
1423 1313 1560 1353 audivi,
1578 1313 1731 1347 intendo
1756 1314 1886 1356 postea

264 1367 390 1400 facere
408 1366 692 1400 mentionem....

304 1421 484 1456 Narratio
502 1431 574 1465 pro
601 1420 675 1455 illis
698 1420 918 1463 hominibus,
937 1423 1000 1467 qui
1031 1423 1246 1456 catervatim
1266 1432 1338 1466 per
1365 1423 1537 1463 civitates,
1564 1432 1635 1467 per
1668 1421 1788 1464 villas,
1815 1432 1887 1467 per

262 1483 396 1519 castra,
412 1488 482 1522 per
505 1476 638 1521 oppida
659 1481 693 1510 et
709 1475 785 1510 alia
801 1476 880 1511 loca
904 1477 1012 1511 modo
1037 1482 1197 1518 centum,
1214 1472 1324 1511 modo
1342 1477 1490 1511 ducenti
1505 1482 1572 1512 aut
1595 1479 1758 1518 trecenti,
1774 1477 1885 1512 modo

257 1544 327 1578 per
342 1543 544 1567 numerum
556 1531 778 1576 ampliorem
793 1541 831 1565 se
847 1531 1066 1566 adunabant
1082 1536 1115 1566 et
1138 1533 1242 1567 ibant
1258 1533 1527 1576 poenitentiam
1541 1531 1732 1576 publicam
1747 1532 1884 1577 facien-

260 1592 324 1630 tes,
341 1589 381 1620 in
396 1597 496 1621 anno
509 1586 776 1622 MCCCXLIX,

304 1644 416 1677 Novit
438 1642 535 1676 Deus
552 1645 698 1676 mutare
715 1643 932 1683 sententias,
951 1643 983 1675 si
999 1644 1038 1676 tu
1054 1642 1202 1676 noveris
1220 1643 1358 1676 delicta
1374 1644 1586 1678 emendare.
1603 1642 1836 1684 Tribularer,
1851 1643 1882 1676 si

262 1699 445 1732 nescirem
462 1698 739 1731 misericordias
754 1699 849 1738 tuas,
874 1696 1049 1738 Domine3
1070 1699 1110 1730 tu
1127 1698 1228 1731 enim
1244 1698 1372 1731 dixisti
1388 1708 1395 1731 :
1423 1699 1519 1732 Nolo
1533 1698 1692 1731 mortem
1707 1699 1883 1741 peccato-

260 1754 324 1793 ris,
343 1753 407 1786 sed
429 1755 471 1785 ut
485 1753 725 1787 convertatur
737 1754 775 1785 et
798 1752 911 1785 vivat.
936 1752 996 1793 Et,
1023 1762 1043 1785 ο
1057 1753 1153 1786 bone
1169 1752 1301 1793 Jhesu,
1327 1754 1367 1786 tu
1385 1753 1514 1786 dixisti
1530 1762 1595 1786 ore
1611 1754 1675 1786 tuo
1699 1753 1828 1786 sancto
1845 1753 1883 1786 et

260 1808 455 1842 benedicto
475 1818 483 1841 :
504 1808 645 1840 Discite
661 1816 767 1847 ame,
784 1808 872 1848 quia
894 1807 996 1840 mitis
1028 1817 1109 1840 sum
1136 1809 1175 1840 et
1199 1807 1353 1840 humilis
1376 1808 1501 1841 corde.
1533 1808 1581 1841 Et
1603 1808 1728 1841 venite
1752 1807 1796 1841 ad
1821 1816 1881 1840 me

260 1872 400 1904 omnes,
418 1863 481 1905 qui
495 1863 674 1896 laboratis
687 1864 725 1896 et
749 1864 895 1896 onerati
910 1864 1013 1904 estis,
1031 1865 1068 1896 et
1085 1872 1156 1906 ego
1174 1873 1239 1896 vos
1253 1863 1431 1897 reficiam.
1455 1864 1628 1897 Redeant
1644 1872 1736 1906 ergo
1753 1863 1800 1896 ad
1817 1871 1882 1896 cor

259 1921 487 1964 peccatores,
515 1920 553 1953 et
576 1919 638 1961 qui
664 1919 843 1952 ceciderit
867 1919 1004 1952 adiciat
1027 1921 1068 1952 ut
1091 1920 1279 1962 resurgat,
1306 1921 1344 1952 et
1367 1920 1486 1952 cesset
1509 1919 1573 1960 qui
1591 1917 1772 1961 peccavit,
1794 1917 1882 1959 quia

258 1987 348 2012 vera
370 1975 551 2010 contricio
579 1975 636 2007 est
668 1975 705 2007 et
737 1974 816 2015 ejus
851 1974 1039 2013 diffinitio,
1071 1975 1276 2016 praeterita
1299 1974 1480 2017 plangere
1507 1975 1545 2006 et
1567 1973 1782 2016 plangenda
1805 1981 1879 2005 non

257 2031 505 2065 committere.
533 2028 694 2070 Tempus
715 2028 815 2060 enim
837 2028 951 2061 instat
974 2029 1169 2070 penitendi
1194 2030 1232 2062 et
1254 2029 1300 2062 de
1324 2031 1493 2071 tempore
1518 2037 1592 2061 non
1608 2027 1788 2061 habemus
1805 2028 1879 2062 nisi

258 2096 368 2120 nunc.
395 2085 555 2120 Currant
579 2093 670 2126 ergo
697 2085 913 2126 peccatores
941 2083 986 2116 ad
1009 2084 1268 2126 penitentiam,
1294 2084 1382 2117 dum
1405 2085 1552 2126 tempus
1577 2083 1730 2116 habent.
1765 2083 1876 2116 Peni-

256 2142 376 2175 tentia
408 2142 533 2174 autem
563 2139 674 2173 debet
702 2147 783 2172 esse
809 2139 983 2178 discreta,
1017 2138 1252 2172 rationabilis
1294 2148 1338 2172 ac
1369 2139 1553 2179 ordinata,
1585 2139 1624 2171 et
1653 2138 1803 2181 incepta
1830 2138 1878 2171 de

255 2196 461 2239 superioris
476 2194 668 2228 voluntat-e
684 2194 722 2227 et
744 2193 918 2227 habentis
934 2194 1156 2236 injungendi
1184 2195 1421 2236 potestatem,
1451 2194 1540 2235 quia
1556 2194 1654 2235 quod
1671 2194 1752 2227 sine
1770 2202 1876 2236 supe·

255 2251 369 2285 rioris
396 2251 438 2283 fit
464 2250 686 2283 auctoritate
713 2248 771 2282 vel
788 2248 992 2289 voluntate,
1006 2249 1279 2291 presumptioni
1303 2248 1545 2291 deputabitur
1567 2250 1604 2281 et
1626 2257 1720 2282 vane
1738 2247 1874 2291 glorie,

257 2316 331 2340 non
348 2305 524 2339 mercedi.

298 2362 406 2394 Anno
423 2361 542 2403 igitur
568 2359 831 2399 MCCCXLIX,
849 2359 1049 2392 audierunt
1073 2359 1110 2392 et
1126 2359 1300 2392 viderunt
1315 2358 1506 2392 mirabilia
1527 2359 1616 2391 tunc
1635 2357 1817 2398 viventes,
1836 2357 1875 2391 et

255 2417 376 2449 visum
389 2417 444 2449 est
462 2413 575 2448 michi
589 2414 911 2456 expediens,quod
923 2414 1084 2457 posteris
1100 2415 1137 2447 et
1153 2415 1290 2447 futuris
1304 2414 1475 2447 omnibus
1492 2413 1634 2455 aliquid
1650 2414 1872 2453 innoteseat,

255 2471 344 2512 quia
361 2479 501 2510 omnes,
515 2469 579 2511 qui
596 2478 685 2503 sane
702 2469 837 2503 mentis
861 2470 981 2509 erant,
1010 2471 1099 2502 tunc
1115 2469 1296 2511 temporis
1313 2477 1427 2511 super
1442 2468 1599 2502 diversis
1617 2468 1871 2501 accidentibus

255 2528 292 2559 et
327 2534 439 2567 super
468 2525 713 2558 mutationem
740 2524 919 2566 temporis
936 2525 974 2557 et
996 2533 1241 2566 personarum
1265 2523 1581 2566 quamplurimum
1623 2523 1871 2556 mirabantur¹

256 2581 405 2614 Certum
429 2582 486 2613 est
501 2580 602 2613 enim
618 2579 716 2621 quod
740 2579 778 2611 in
793 2579 980 2621 principio
1007 2579 1097 2611 dicti
1114 2579 1214 2618 anni,
1232 2580 1421 2612 transacto
1441 2577 1757 2621 quadragesimali
1769 2579 1872 2612 tem-

255 2644 359 2677 pore,
387 2635 512 2668 statim
536 2635 620 2676 post
644 2635 782 2667 festum
809 2634 965 2674 Pasche,
984 2634 1144 2676 populus
1167 2635 1364 2667 universus
1395 2634 1561 2667 virorum
1588 2642 1632 2667 ac
1654 2633 1870 2673 mulierum,

254 2688 593 2723 ecclesiasticorum
618 2690 656 2722 et
678 2689 952 2722 mundanorum
967 2689 1006 2722 in
1023 2691 1165 2722 tantam
1195 2689 1512 2722 inordinationem
1542 2689 1709 2722 omnium
1739 2697 1869 2722 exces-

254 2754 361 2777 suum
375 2745 617 2784 devenerunt,
626 2744 724 2785 quod
737 2744 864 2778 videre
878 2745 959 2777 erat
970 2743 1166 2784 horribile,
1176 2744 1337 2778 maxime
1350 2743 1426 2776 illis
1439 2744 1503 2785 qui
1516 2743 1688 2777 viderant
1700 2744 1870 2786 tempora

253 2800 451 2840 preterita3
467 2800 504 2832 et
520 2798 591 2831 hoc
607 2800 688 2832 erat
700 2798 965 2832 universaliter
987 2808 1055 2841 per
1071 2800 1190 2832 totum
1207 2798 1399 2840 mundum,
1413 2799 1451 2832 et
1463 2797 1617 2832 difficile
1629 2799 1728 2832 esset
1744 2798 1869 2832 omnia

254 2854 290 2885 in
305 2855 453 2896 scriptis
476 2854 663 2896 redigere,
679 2863 764 2887 nam
781 2854 826 2887 de
841 2855 1006 2888 vestibus
1023 2855 1062 2888 et
1077 2854 1306 2887 ornamentis
1323 2853 1412 2895 quid
1435 2853 1561 2887 dicere
1584 2855 1754 2895 possem?
1773 2852 1869 2892 Quia

252 2909 323 2940 viri
341 2911 417 2941 tam
433 2909 581 2941 strictas
600 2910 676 2941 tam
692 2911 816 2942 curtas
833 2911 954 2942 vestes
981 2909 1181 2948 faciebant,
1200 2909 1299 2950 quod
1311 2909 1350 2941 in
1373 2908 1500 2941 multis
1516 2907 1714 2941 femoralia
1737 2908 1866 2941 subtus

253 2962 494 3002 apparebant,
520 2962 618 3002 quod
636 2963 718 2994 erat
733 2961 986 2996 inhonestum.
1012 2962 1093 2995 Hoc
1116 2963 1240 2995 tamen
1264 2962 1460 3005 gratanter
1485 2961 1662 2994 videbant
1687 2960 1866 2995 mulieres

254 3015 439 3058 impudice
457 3018 494 3049 et
522 3016 673 3059 lascive,
705 3017 793 3058 quia
809 3026 936 3051 omnes
953 3017 1057 3050 actus
1073 3016 1267 3050 hominum
1283 3016 1487 3050 tendebant
1500 3016 1547 3050 ad
1559 3015 1760 3050 luxuriam.
