2050 3470
285 298 349 331 aes
911 294 1048 328 ANNo
1073 293 1170 334 1425,
1195 293 1280 334 1429

283 410 364 452 den
382 407 634 463 magistraat
652 419 734 449 van
754 405 942 448 Doornik
961 417 1030 447 om
1052 404 1151 447 hem
1170 403 1300 460 geluk
1334 406 1377 447 te
1402 403 1638 447 wenschen
1657 417 1761 447 over
1793 403 1905 461 ziJne

283 474 668 531 krachtdadigheid
687 474 731 516 in
755 474 832 516 het
854 471 1193 516 onderdrukken
1211 472 1287 515 der
1303 471 1478 529 ketterij
1504 487 1556 516 en
1592 487 1660 516 om
1683 472 1795 529 zijne
1811 477 1908 517 tus-

283 545 561 589 schenkomst
580 543 623 585 in
641 546 683 586 te
703 555 864 598 roepen
890 543 957 585 tot
972 540 1277 597 bescherming
1294 540 1372 583 der
1392 541 1720 598 geestelijkheid
1739 542 1781 584 in
1800 541 1908 585 zake

283 629 366 658 van
403 613 578 657 tienden
611 625 666 654 en
701 610 972 667 diergelijke.
995 611 1166 653 —Van
1204 609 1286 652 den
1330 609 1527 666 bisschop
1561 610 1681 654 heeft
1713 608 1766 653 de
1801 623 1908 666 paus

283 682 473 740 gehoord
493 682 574 724 hoe
591 680 643 722 de
661 679 955 722 Doorniksche
979 678 1236 735 magistraat
1258 678 1417 721 zonder
1448 679 1627 722 aanzien
1660 678 1737 722 der
1758 691 1910 735 perso-

283 766 366 795 nen
392 756 519 807 tegen
553 749 604 792 de
634 748 801 791 ketters
829 747 947 791 heeft
965 747 1172 803 geieverd
1196 761 1206 799 ;
1242 746 1302 804 hij
1339 750 1484 803 spoort
1506 747 1605 790 hem
1627 761 1727 801 aan,
1761 747 1806 790 in
1843 747 1911 790 die

282 820 481 878 loffelijke
513 817 800 874 handelwijZe
821 820 865 860 te
898 816 1154 860 volharden.
1191 815 1282 859 Ook
1304 816 1510 860 verzoekt
1532 817 1592 874 hij
1618 817 1717 860 hem
1742 815 1834 860 niet
1864 820 1909 860 te

281 889 453 940 dulden‚
481 888 553 931 dat
574 886 725 942 eenige
757 885 1053 928 Doorniksche
1076 885 1360 942 ingezetenen
1384 885 1435 928 de
1457 885 1633 930 tienden
1657 898 1710 928 en
1743 883 1906 929 andere

281 957 535 1016 geestelijke
554 956 735 999 rechten
756 954 980 998 inkorten.

323 1051 506 1089 Martinus
520 1049 728 1091 episcopus,
754 1056 881 1081 servus
905 1055 1100 1080 servorum
1116 1046 1199 1087 Dei,
1223 1046 1371 1080 dilectis
1389 1046 1477 1079 filiis
1495 1046 1697 1089 prepositis
1714 1045 1753 1080 et
1766 1045 1905 1088 juratis

280 1107 489 1147 ceterisque
513 1104 721 1137 rectoribus
746 1103 907 1135 civitatis
940 1102 1206 1142 Tornacensis,
1239 1102 1398 1136 salutem
1422 1103 1460 1136 et
1476 1101 1721 1144 apostolicam
1737 1101 1908 1136 benedic·

284 1163 440 1194 tionem.

325 1216 472 1250 Dudum
489 1212 744 1247 intelleximus
767 1221 836 1254 per
859 1211 1005 1245 litteras
1030 1211 1258 1245 venerabilis
1283 1211 1412 1244 fratris
1437 1210 1604 1253 episcopi
1629 1212 1667 1245 et
1683 1211 1910 1246 dilectorum

282 1271 446 1303 filiorum
463 1269 594 1302 decani
611 1270 649 1302 et
665 1267 820 1309 capituli
849 1266 1008 1300 ecclesie
1028 1267 1277 1300 Tornacensis
1309 1266 1472 1308 qualiter
1503 1276 1567 1299 vos
1597 1275 1747 1309 semper
1772 1267 1910 1301 intenti

281 1326 405 1358 fuistis
418 1326 456 1357 et
470 1324 658 1357 ferventes
672 1323 719 1356 ad
732 1322 985 1355 exhibendum
998 1323 1167 1354 favorem
1181 1330 1291 1354 cause
1306 1321 1406 1361 fidei,
1420 1322 1457 1354 et
1469 1320 1656 1354 hereticos
1670 1322 1708 1355 et
1722 1322 1767 1355 de
1783 1322 1909 1356 heresi

283 1382 472 1423 suspectos
489 1381 527 1413 et
543 1379 743 1412 infamatos
761 1378 842 1410 sine
860 1377 1078 1418 acceptione
1095 1385 1342 1418 personarum
1373 1376 1411 1409 et
1441 1376 1756 1418 tergiversatione
1784 1377 1911 1419 aliqua

283 1434 555 1468 conculcandos
580 1443 643 1466 eos
661 1433 706 1465 ad
724 1434 941 1466 mandatum
958 1434 996 1466 et
1008 1434 1295 1474 requisitionem
1323 1431 1576 1465 ecclesiastice
1607 1433 1806 1474 potestatis
1827 1442 1909 1476 per-

283 1490 477 1531 quirendo,
496 1491 534 1522 et
557 1489 672 1521 etiam
696 1488 893 1530 capiendo,
908 1490 945 1521 et
962 1489 1009 1520 ad
1025 1489 1152 1521 debita
1170 1488 1354 1530 supplicia
1370 1488 1625 1529 perducendo-

324 1546 380 1579 Ex
393 1555 464 1587 quo
479 1545 715 1578 devotionem
728 1545 892 1576 vestram
907 1543 1113 1585 plurimum
1130 1545 1169 1576 in
1188 1544 1347 1576 Domino
1367 1544 1682 1584 commendamus,
1703 1543 1908 1577 affectuose

283 1600 477 1634 hortantes
505 1600 677 1639 eandem,
703 1600 745 1631 ut
773 1599 1021 1640 perseveretis
1046 1599 1084 1631 in
1112 1599 1182 1631 hac
1206 1599 1415 1632 intentione
1441 1599 1660 1640 justissima,
1685 1599 1731 1632 de
1755 1599 1852 1631 bono
1869 1599 1910 1632 in

282 1656 417 1689 melius
431 1655 682 1697 procedendo,
702 1655 740 1686 et
759 1663 909 1687 causam
923 1653 1009 1687 fidei
1024 1654 1124 1686 omni
1142 1654 1266 1686 studio
1285 1654 1323 1686 et
1350 1662 1477 1686 amore
1491 1654 1641 1695 Juvetis,
1659 1654 1698 1687 et
1713 1652 1911 1687 ecclesiam

284 1714 322 1745 et
337 1720 516 1753 personas
530 1709 802 1743 ecclesiasticas
820 1709 1032 1751 suscipiatis
1046 1718 1194 1751 semper
1210 1709 1250 1742 in
1263 1709 1397 1742 vestris
1421 1709 1594 1741 cordibus
1613 1708 1787 1751 propitiis
1810 1709 1911 1742 favo·

285 1767 389 1799 ribus
406 1765 697 1798 commendatas.

329 1822 376 1855 Et
389 1822 477 1862 quia
489 1821 682 1860 sentimus,
698 1820 796 1861 quod
813 1819 983 1852 nonnulli
1008 1818 1132 1852 coloni
1149 1820 1187 1852 et
1211 1819 1276 1852 alii
1300 1819 1399 1852 dicte
1423 1819 1586 1852 civitatis
1614 1819 1846 1852 habitatores
1873 1818 1912 1851 et

283 1876 405 1910 incole
420 1877 465 1909 de
483 1876 581 1908 facto
599 1874 775 1913 decimas,
789 1874 938 1916 foragia
954 1874 992 1906 et
1005 1873 1080 1906 alia
1101 1874 1188 1915 J‘ura
1205 1874 1454 1907 Tornaeensis
1471 1873 1653 1907 ecclesiae
1671 1872 1909 1913 subtrahunt,

284 1932 492 1973 impediunt
506 1932 541 1963 et
555 1929 942 1969 detinent,hortamur
955 1939 1018 1961 vos
1032 1930 1070 1962 et
1082 1929 1212 1962 stricte
1229 1929 1470 1971 requirimus,
1487 1929 1674 1961 utcontra
1689 1927 1907 1970 hujusmodi

286 1988 500 2020 detentores
532 1987 569 2019 et
597 1986 840 2026 occupatores
866 1984 1078 2026 procedatis
1110 1985 1283 2025 viriliter,
1317 1986 1355 2017 et
1384 1985 1555 2027 personis
1584 1985 1709 2018 debite
1740 1985 1779 2018 et
1811 1984 1910 2027 juste

283 2042 496 2084 petentibus
513 2042 677 2074 vestrum
691 2039 900 2073 exhibeatis
916 2040 1085 2072 favorem
1102 2041 1140 2072 et
1154 2040 1351 2073 brachium
1368 2040 1551 2074 seculare.

331 2096 467 2128 Datum
493 2095 650 2135 Romae,
678 2094 776 2136 apud
803 2094 951 2127 sanctos
984 2094 1186 2136 apostolos,
1215 2094 1361 2127 XVIIII
1389 2094 1441 2128 kl.
1477 2094 1662 2136 Januarij‚
1702 2094 1912 2137 ponficatus

289 2151 408 2184 nostri
425 2160 522 2184 anno
537 2151 682 2184 octavo.

1495 2194 1555 2228 JA-
1580 2203 1628 2229 DE
1650 2196 1827 2229 AR1M1N0.

638 2271 891 2306 Stadsarchief
907 2281 978 2305 van
995 2271 1177 2312 Doornik,
1193 2271 1398 2314 Chartrier‚
1413 2271 1569 2314 Layette
1582 2272 1629 2305 de
1642 2271 1745 2314 14253
1763 2270 1915 2304 ontleed

681 2327 773 2358 door
804 2326 851 2358 H.
876 2326 1185 2368 Vandenbroeck,
1209 2325 1386 2366 Eoetraits‚
1417 2335 1511 2367 enz.‚
1549 2326 1589 2359 in
1628 2327 1674 2360 de
1705 2325 1913 2366 Memoz'res,

682 2381 880 2421 deelVIII,
901 2380 969 2413 blz.
1003 2380 1077 2421 192,
1108 2381 1197 2413 noot
1226 2381 1256 2414 1.
1285 2400 1328 2405 -
1357 2382 1454 2415 Deze
1472 2380 1536 2414 bul
1561 2382 1682 2415 wordt
1696 2381 1851 2415 vermist
1862 2380 1912 2422 bij

683 2436 825 2470 H.Van
850 2437 1002 2478 Houtte,
1033 2438 1172 2470 Lettres
1195 2436 1239 2471 de
1272 2438 1414 2471 Martia
1450 2437 1483 2472 V
1507 2441 1730 2472 concernant
1753 2435 1917 2471 l'heresie

686 2490 821 2526 hussite
836 2491 934 2526 dans
949 2491 1000 2525 les
1012 2491 1220 2535 Pays-Bas.

814 2635 912 2680 195
946 2630 1110 2694 (154ter
1129 2659 1192 2665 -
1211 2629 1393 2694 2721212).

360 2765 479 2814 1429,
517 2761 759 2807 December
791 2765 847 2803 15
874 2777 929 2808 en
954 2764 1022 2813 20,
1059 2762 1280 2807 Doorm‘k.
1307 2761 1704 2818 Beraadslagingen
1727 2775 1812 2805 van
1833 2759 1916 2804 den

300 2835 553 2891 magistraat
595 2846 698 2876 over
730 2833 781 2876 de
820 2833 1246 2888 onderhandelingen
1285 2834 1371 2875 met
1408 2831 1491 2874 den
1523 2830 1781 2886 inquisiteur
1811 2843 1917 2875 aan-

296 2903 465 2959 gaande
487 2902 568 2945 den
584 2901 729 2945 ketter
750 2903 1027 2958 Jacquemart
1044 2901 1095 2944 de
1113 2900 1351 2944 Bleharies.
1373 2923 1430 2932 —-
1446 2899 1524 2943 Als
1541 2898 1770 2943 antwoord
1792 2912 1846 2955 op
1864 2898 1917 2942 de

297 2988 518 3030 aanvraag
539 2988 623 3018 van
640 2974 722 3017 den
744 2974 1003 3030 inquisiteur
1024 2973 1168 3018 wordt
1185 2971 1379 3017 besloten
1397 2972 1474 3016 der
1490 2971 1612 3015 Kerk
1628 2971 1673 3014 in
1689 2970 1792 3015 deze
1808 2970 1917 3015 zaak
