2050 3470
236 275 278 308 86
937 269 1072 304 ANNO
1098 268 1182 302 1324

630 400 670 405 -
688 381 763 415 Ons
788 380 874 414 stuk
892 380 994 413 komt
1008 389 1100 412 voor
1124 380 1162 412 in
1187 388 1254 414 een
1281 380 1442 413 vidimus
1458 380 1675 424 afgeleverd
1689 381 1782 413 door
1797 379 1864 413 het

633 435 797 469 Luiksch
814 434 971 477 kapittel
987 444 1032 476 op
1050 435 1070 467 3
1084 435 1274 478 Augustus
1288 435 1371 468 1389
1388 444 1434 468 en
1460 435 1682 468 bevattende
1708 435 1780 468 ook
1797 434 1864 469 het

625 491 729 524 bevel
753 500 822 524 van
841 489 1014 532 bisschop
1030 489 1143 523 Adolf
1162 490 1303 523 vander
1316 490 1425 523 Mark
1442 490 1499 533 (24
1516 490 1678 524 October
1692 489 1803 531 1324).

914 621 980 665 53
1013 617 1184 679 (178⁴),

298 771 416 818 1324,
454 766 641 812 October
671 769 738 817 24,
773 765 950 822 (Luik).
990 766 1121 808 Bevel
1139 779 1223 808 van
1249 765 1382 808 Adolf
1393 780 1478 809 van
1502 765 1578 809 der
1611 766 1756 819 Mark,
1784 765 1868 810 bis-

238 839 368 894 schop
395 852 477 880 van
504 836 625 885 Luik,
654 836 823 892 gei-ioht
855 835 994 881 tot,de
1017 837 1218 890 pastoors
1242 835 1319 877 der
1337 835 1634 892 Begijnhoven
1659 849 1713 878 en
1740 838 1804 879 tot
1825 836 1867 879 al

238 908 288 950 de
327 906 499 961 overige
533 904 814 961 geestelijken
853 918 936 947 van
971 904 1056 960 zijn
1090 902 1272 954 bisdom‚
1309 903 1487 960 waarbij
1512 903 1571 962 hij
1598 903 1792 948 verbiedt
1815 904 1868 948 de

236 975 588 1031 rechtgeloovige
606 974 814 1031 Begijnen
836 986 921 1015 van
940 971 1256 1016 St-Christoffel
1280 972 1323 1016 in
1342 972 1627 1023 deffLuiksche
1645 973 1864 1025 voorstad,

238 1046 482 1100 Tongeren,
526 1042 799 1092 Maastricht,
835 1041 1114 1092 St-Truiden‚
1151 1042 1342 1092 Leuven,
1379 1042 1555 1092 Tienen,
1594 1042 1865 1096 Zoutleeuw,

238 1114 371 1164 Diest,
409 1112 666 1163 Borchloon,
705 1111 879 1154 Hasselt
918 1124 971 1153 en
1011 1110 1230 1153 Aarschot
1269 1110 1314 1152 in
1353 1111 1490 1153 haren
1513 1124 1700 1166 persoon
1743 1110 1790 1153 of
1823 1111 1869 1154 in

239 1183 346 1225 hare
379 1181 593 1236 goederen
627 1185 671 1223 te
693 1182 1018 1224 verontrusten.
1050 1203 1102 1210 -
1126 1181 1185 1222 De
1218 1179 1416 1236 bisschop
1450 1179 1677 1223 herinnert
1709 1193 1792 1222 aan
1814 1179 1868 1223 de

239 1250 494 1305 asschaffing
527 1249 604 1292 der
646 1249 856 1306 Begijnen
891 1249 995 1291 door
1029 1262 1134 1304 paus
1173 1248 1371 1292 Clemens
1404 1249 1445 1290 V
1485 1262 1537 1290 en
1571 1262 1654 1291 aan
1692 1247 1744 1291 de
1775 1247 1866 1301 bul,

240 1319 418 1375 waarbij
446 1319 567 1361 diens
586 1319 794 1375 opvolger
817 1332 921 1373 paus
944 1318 1167 1361 Johannes
1185 1318 1331 1368 XXII,
1346 1317 1536 1372 gehoord
1555 1316 1776 1360 hebbende
1796 1317 1871 1360 dat

240 1390 292 1432 de
315 1387 532 1431 Luiksche
556 1388 763 1443 Begijnen
789 1385 1116 1442 rechtgeloovig
1138 1386 1240 1442 zijn‚
1285 1400 1365 1428 een
1398 1386 1642 1428 onderzoek
1665 1399 1771 1428 over
1793 1386 1872 1429 ha-

241 1472 319 1501 ren
353 1457 512 1500 handel
538 1471 590 1499 en
623 1456 792 1499 wandel
838 1455 956 1498 heeft
994 1455 1391 1511 voorgeschreven.
1439 1455 1507 1498 Dit
1550 1455 1794 1503 onderzoek
1835 1455 1872 1498 is

239 1527 391 1583 geheel
415 1526 458 1568 in
489 1527 598 1568 haar
614 1524 816 1568 voordeel
840 1524 1124 1580 uitgevallen,
1151 1524 1302 1566 zoodat
1324 1523 1376 1566 de
1398 1523 1599 1579 hisschop
1620 1523 1790 1566 beveelt
1819 1523 1873 1567 de

241 1598 408 1639 zusters
432 1608 515 1638 van
549 1593 886 1650 bovengemelde
919 1593 1217 1650 Begijnhoven
1251 1592 1439 1635 alsmede
1474 1593 1580 1635 hare
1602 1591 1872 1648 bezittingen

243 1666 286 1708 in
310 1664 441 1707 vrede
465 1668 507 1707 te
525 1664 642 1706 laten
661 1677 715 1705 en
734 1663 840 1705 hare
859 1662 1126 1705 aanranders
1151 1662 1193 1704 in
1217 1661 1300 1704 den
1319 1661 1402 1704 ban
1425 1661 1503 1704 der
1523 1661 1645 1704 Kerk
1663 1663 1708 1704 te
1729 1661 1870 1705 slaan.

245 1737 304 1778 De
322 1747 478 1776 namen
500 1733 577 1775 der
599 1730 947 1788 gebanvloekten
973 1734 1140 1773 moeten
1166 1729 1383 1786 openbaat·
1406 1729 1698 1786 afgekondigd
1720 1743 1773 1773 en
1790 1743 1874 1773 aan

244 1803 325 1845 den
373 1802 571 1856 bisschop
615 1800 878 1858 schriftelijk
920 1799 1224 1855 medegedeeld
1269 1799 1465 1843 worden.
1519 1799 1872 1843 Ondertusschen

246 1876 416 1914 moeten
441 1871 492 1913 de
525 1870 736 1926 Begijnen
770 1874 920 1924 streng
954 1868 1191 1926 vermijden
1224 1881 1308 1911 van
1333 1867 1427 1911 zich
1460 1871 1549 1911 met
1571 1868 1623 1911 de
1648 1867 1875 1924 godsdien-

247 1940 358 1996 stige
377 1940 553 1983 twisten
576 1939 707 1982 harer
730 1938 935 1981 Duitsche
952 1942 1120 1981 zusters
1137 1937 1178 1980 in
1203 1940 1247 1980 te
1269 1937 1388 1980 laten
1411 1951 1465 1980 en
1487 1937 1551 1980 uit
1574 1937 1683 1980 haar
1704 1936 1876 1980 midden

248 2009 413 2065 degene
432 2007 700 2058 verbannen,
730 2007 795 2050 die
819 2006 945 2050 zulks
965 2006 1129 2050 zouden
1149 2007 1275 2049 doen.

291 2108 498 2151 Adolphus‚
524 2108 593 2141 Dei
610 2108 740 2151 gracia
763 2108 982 2141 Leodiensis
1002 2108 1211 2150 episeopus,
1230 2108 1415 2140 universis
1446 2107 1657 2140 rectoribus
1680 2108 1719 2141 et
1735 2107 1876 2140 curatis

250 2164 505 2207 Beghinarum
522 2171 666 2196 necnon
691 2172 821 2196 eorum
838 2162 1067 2204 cappellanis
1084 2172 1127 2195 ac
1144 2162 1228 2195 aliis
1252 2163 1472 2204 presbiteris
1489 2165 1527 2196 et
1550 2163 1698 2196 clericis
1713 2163 1877 2196 civitatis

249 2221 287 2253 et
317 2219 476 2251 diocesis
510 2218 740 2257 LeodiensiS‚
774 2218 820 2250 ad
847 2226 940 2258 quos
968 2218 1162 2258 presentes
1202 2217 1331 2250 littere
1367 2218 1622 2259 pervenerint,
1649 2217 1812 2251 salutem
1834 2218 1874 2252 in

254 2274 423 2308 Domino.

294 2329 471 2362 Intimato
487 2328 565 2369 jam
589 2328 728 2360 dudum
755 2327 905 2360 domino
935 2326 1131 2367 Clementi,
1161 2328 1257 2360 bone
1281 2328 1464 2360 memorie
1489 2336 1584 2370 pape
1611 2328 1755 2369 quinto,
1780 2328 1880 2370 quod

252 2385 411 2427 quedam
428 2385 535 2417 erant
551 2384 751 2425 presertim
775 2384 813 2415 in
828 2383 1047 2416 Alemannie
1072 2383 1241 2424 partibus
1265 2382 1457 2423 mulieres,
1476 2383 1648 2426 Beghine
1670 2382 1881 2426 vulgariter

255 2441 480 2482 nuncupate,
499 2447 657 2480 quarum
675 2438 799 2479 alique
816 2438 862 2471 de
885 2447 1029 2471 summa
1052 2438 1221 2471 trinitate
1241 2439 1277 2470 et
1294 2438 1420 2471 divina
1444 2438 1612 2471 essencia
1627 2438 1819 2480 disputare
1843 2439 1882 2473 et

258 2496 372 2529 etiam
412 2494 610 2536 predicare
648 2494 749 2527 circa
783 2493 961 2527 articulos
986 2502 1134 2534 quoque
1170 2493 1258 2526 fidei
1290 2494 1328 2526 et
1358 2492 1614 2526 ecelesiastica
1647 2495 1882 2528 sacramenta

260 2550 456 2593 opiniones
471 2549 594 2582 eidem
611 2549 698 2581 fidei
713 2549 920 2581 contrarias
938 2548 1177 2581 introducere
1193 2548 1471 2589 multorumque
1489 2547 1719 2590 simplicium
1735 2545 1880 2580 animas

257 2606 296 2638 in
321 2605 487 2638 diversos
519 2612 630 2646 super
658 2604 731 2636 hiis
760 2612 908 2636 errores
940 2603 1131 2641 inducere,
1157 2604 1195 2636 et
1222 2602 1297 2636 alia
1323 2602 1442 2636 multa
1471 2601 1641 2645 pericula
1671 2602 1881 2636 animarum

258 2660 446 2702 parientia
475 2660 602 2692 facere
626 2660 693 2691 sub
720 2659 846 2691 fucato
875 2658 1084 2691 sanctitatis
1108 2657 1293 2691 velamine
1316 2658 1594 2700 presumebant,
1618 2657 1758 2691 habens
1782 2657 1882 2690 idem

261 2715 433 2748 dominus
458 2713 629 2747 Clemens
647 2722 693 2747 ex
705 2714 898 2755 premissis
918 2714 956 2746 et
969 2712 1053 2746 aliis
1067 2713 1111 2746 de
1124 2713 1234 2745 dictis
1250 2712 1472 2746 mulieribus
1495 2713 1715 2754 frequenter
1746 2711 1882 2745 auditis

260 2770 358 2812 ipsas
383 2779 456 2802 non
473 2769 629 2811 indigna
645 2769 792 2801 ratione
809 2770 1014 2810 suspectas,
1033 2769 1169 2800 statum
1193 2768 1360 2809 ipsarum
1383 2767 1658 2809 prohibendum
1674 2767 1781 2800 duxit
1803 2775 1882 2809 per-

261 2826 373 2867 petuo
391 2829 429 2857 et
445 2833 467 2857 a
484 2824 553 2857 Dei
571 2822 730 2857 ecclesia
742 2823 891 2865 penitus
908 2822 1143 2862 abolendum,
1162 2823 1201 2855 in
1214 2821 1298 2855 illas
1315 2831 1388 2864 que
1411 2822 1548 2855 statum
1572 2821 1784 2864 hujusmodi
1805 2822 1883 2864 jam

263 2880 492 2922 assumptum
508 2879 744 2911 sectarentur
761 2877 920 2911 ulterius
937 2878 1002 2911 aut
1018 2886 1090 2919 que
1107 2878 1152 2910 de
1169 2887 1263 2910 novo
1280 2876 1390 2910 illum
1406 2878 1650 2917 assumerent,
1671 2885 1882 2910 excommu-

260 2934 459 2967 nicationis
476 2933 700 2966 sententiam
713 2932 998 2975 promulgando.

300 2989 543 3024 Postmodum
573 2990 698 3024 autem
725 2988 772 3020 ad
802 2987 1027 3023 sanctissimi
1059 2987 1098 3021 in
1123 2986 1270 3021 Christo
1300 2986 1419 3030 patris
1447 2987 1485 3020 et
1517 2986 1659 3019 domini
1680 2985 1879 3027 Johannis,
