2050 3470
249 262 311 297 104
886 259 1022 295 ANNO
1046 259 1234 294 1349-1350

248 373 293 405 de
318 372 486 404 Tornaco
511 371 669 402 formam
700 369 918 411 penitentie,
952 377 1024 411 que
1058 370 1171 402 fiebat
1186 370 1231 402 ab
1257 369 1334 402 illis
1362 371 1426 412 qui
1451 373 1633 405 venerant
1655 373 1694 406 in
1724 373 1861 407 civita-

245 428 332 465 tem,
357 426 537 467 ceperunt
560 423 698 457 habere
722 424 957 457 devotionem
974 424 1012 456 in
1029 424 1186 464 tantum,
1213 425 1311 466 quod
1335 426 1415 459 fere
1444 427 1641 470 quingenti
1665 429 1862 471 sexaginta

245 484 282 514 ct
313 481 476 522 quinque
499 479 569 511 viri
587 478 644 512 vel
662 479 813 512 circiter
829 488 867 512 se
884 478 1065 520 paulatim
1083 479 1354 522 adunaverunt,
1379 482 1416 513 et
1444 482 1573 514 mutuo
1592 482 1861 524 astrinxerunt,

245 537 290 569 dc
307 534 459 567 licentia
489 535 608 567 eciam
631 534 926 576 gubernatorum
954 534 1128 573 civitatis.
1147 536 1185 566 et
1203 536 1479 576 proposuerunt
1498 537 1615 577 exire,
1648 537 1686 570 et
1710 538 1766 571 ire
1797 547 1866 580 per

244 591 405 633 spatium
418 589 575 631 triginta
591 589 704 621 trium
729 589 886 625 dierum.
906 589 951 621 ad
969 588 1182 630 exemplum
1212 590 1249 622 et
1266 589 1386 622 instar
1416 590 1598 633 aliorum3
1618 592 1864 635 omnibusque

245 644 464 679 necessariis
488 644 558 676 sibi
576 644 614 676 in
633 643 823 685 proposito
840 644 877 676 et
894 643 932 675 in
949 643 1047 676 facto
1079 644 1301 684 preparatis,
1319 645 1493 677 exierunt
1516 646 1562 678 de
1585 646 1736 679 civitate
1767 647 1864 681 feria

244 700 413 740 secunda,
433 699 469 731 in
488 700 595 731 nocte
611 698 697 730 festi
730 698 934 730 nativitatis
958 698 1126 740 Virginis
1143 697 1323 741 gloriose,
1342 700 1380 732 et
1396 701 1567 733 fecerunt
1582 701 1741 742 primam
1759 710 1865 735 suam

243 754 488 797 penitentiam
520 753 557 785 in
586 755 679 792 foro,
699 753 762 785 ubi
790 752 989 785 multitudo
1015 752 1142 794 populi
1168 754 1250 785 erat
1277 756 1518 796 congregata.
1546 756 1593 788 Et
1616 757 1795 789 exeuntes
1819 757 1866 790 de

243 810 405 848 civitate,
432 809 579 842 iverunt
602 817 730 840 versus
745 807 872 840 villam
889 807 1135 841 Insulensem.
1155 808 1243 841 Dies
1261 810 1387 841 autem
1413 810 1451 842 in
1475 819 1547 851 qua
1569 811 1776 851 redierunt,
1794 811 1867 844 fuit

242 863 279 895 in
297 862 459 895 crastino
478 862 575 895 beati
602 862 771 903 Dyonisii
795 862 984 903 martyris,
1003 870 1074 903 quc
1099 862 1171 894 fuit
1194 862 1274 895 dies
1301 863 1458 903 sabbati,
1487 865 1734 906 penitentiam
1758 875 1864 900 suam

242 918 280 951 in
298 919 379 950 foro
392 916 459 949 illa
471 917 531 949 die
548 916 732 957 faciendO,
753 918 790 949 et
810 917 849 948 in
877 917 1054 956 erastino,
1081 925 1153 958 que
1178 917 1251 950 fuit
1275 918 1354 950 dies
1372 918 1573 959 dominica,
1601 920 1680 953 tota
1706 921 1864 954 societas

241 973 356 1005 ritum
380 970 531 1004 solitum
547 971 728 1004 facientes
759 971 880 1004 eundo
905 973 942 1004 et
968 971 1173 1012 redeundo,
1196 966 1345 1005 iverunt
1363 973 1409 1006 ad
1437 973 1603 1007 Montem
1621 974 1657 1008 S.
1675 975 1862 1009 Autberti.

243 1026 381 1060 Verum
397 1027 454 1059 cst
477 1026 575 1067 quod
603 1027 703 1059 fama
726 1027 809 1065 fuit,
831 1026 977 1067 quando
1007 1027 1193 1066 exierunt,
1222 1028 1320 1068 quod
1345 1028 1417 1069 ipsi
1449 1029 1549 1062 irent
1577 1038 1646 1072 per
1669 1029 1866 1064 Franciam

243 1090 361 1123 usque
385 1081 431 1114 ad
458 1080 763 1114 Suessionensem
791 1081 1000 1122 civitatem,
1030 1082 1094 1114 sed
1112 1090 1229 1122 quare
1253 1091 1327 1114 non
1350 1082 1499 1116 iverunt
1527 1084 1564 1116 et
1593 1093 1661 1126 per
1684 1093 1756 1126 que
1783 1084 1866 1119 loca

241 1138 306 1171 aut
329 1136 437 1170 villas
462 1136 692 1169 transierunt
716 1137 754 1169 et
779 1145 824 1169 ea
846 1145 919 1178 que
947 1137 1017 1169 sibi
1043 1137 1273 1178 acciderunt,
1300 1147 1373 1170 non
1402 1138 1560 1172 interest
1583 1148 1667 1172 mea
1682 1139 1779 1173 scire
1802 1141 1867 1174 aut

242 1193 428 1225 scribere:
456 1191 527 1232 ipsi
557 1190 634 1223 Deo
653 1192 690 1223 et
716 1191 854 1223 mundo
884 1191 1041 1224 reddant
1057 1201 1124 1233 pro
1143 1201 1183 1225 se
1207 1192 1299 1234 ipsis
1328 1193 1524 1226 rationem.
1545 1194 1666 1227 Duces
1682 1203 1812 1227 eorum
1828 1195 1866 1228 et

242 1246 427 1288 capitanei
446 1247 598 1278 fuerunt
614 1244 726 1278 electi
746 1245 791 1278 de
810 1246 976 1278 omnium
995 1256 1177 1280 consensu
1195 1248 1267 1280 viri
1284 1248 1450 1288 discreti,
1474 1248 1497 1281 J
1501 1248 1667 1282 ohannes
1682 1249 1728 1282 de
1744 1249 1864 1292 Lyau-

243 1302 361 1341 court,
395 1301 572 1343 armiger,
591 1300 614 1333 J
619 1299 784 1333 ohannes
802 1300 965 1340 Mackes,
983 1300 1005 1333 J
1009 1300 1174 1334 ohannes
1192 1301 1417 1335 Wauckiers
1434 1303 1472 1335 et
1493 1303 1654 1336 Jacobus
1676 1303 1723 1337 de
1739 1303 1864 1338 Malda

243 1366 309 1399 pro
327 1354 532 1388 Wilhelmo
551 1354 766 1396 Pestiel‚ad
789 1363 919 1397 preces
951 1357 1076 1388 autem
1100 1357 1281 1398 prepositi
1306 1358 1345 1390 et
1367 1358 1663 1399 gubernatorum
1685 1358 1858 1392 civitatis.

242 1411 354 1445 Prior
370 1411 500 1443 domus
517 1410 677 1442 fratrum
701 1410 746 1442 de
774 1410 906 1442 ordine
935 1410 968 1442 b.
1001 1411 1229 1457 Augustini,
1248 1412 1438 1453 assumpto
1465 1421 1539 1445 uno
1567 1413 1680 1452 socio,
1712 1413 1862 1446 iverunt

244 1475 328 1499 cum
351 1466 492 1499 eisdem
522 1474 607 1498 cum
631 1466 774 1498 duobus
802 1465 887 1498 aliis
910 1466 1129 1507 presbiteris
1153 1466 1384 1499 secularibus
1401 1467 1448 1500 ad
1471 1467 1697 1501 audiendum
1721 1470 1863 1501 confes-

243 1522 368 1554 siones
385 1522 434 1560 et,
452 1521 484 1553 si
505 1529 658 1553 necesse
675 1521 784 1559 esset,
804 1522 1037 1553 sacramenta
1062 1521 1361 1554 ministrandum.
1381 1522 1485 1555 Unus
1509 1523 1634 1556 autem
1664 1523 1864 1556 canonicus

242 1575 277 1609 S.
305 1575 478 1608 Nicholai
506 1576 552 1609 de
572 1576 708 1616 Pratis,
727 1577 879 1608 vocatus
896 1576 1049 1618 Egidius
1062 1576 1278 1616 monachus,
1297 1577 1515 1610 societatem
1532 1578 1586 1610 eis
1601 1578 1723 1611 tenuit
1735 1577 1781 1611 de
1797 1586 1865 1611 sua

242 1631 446 1664 voluntate.

286 1687 382 1720 Miro
400 1687 508 1719 modo
537 1688 574 1720 et
590 1687 848 1727 inenarrabili,
877 1688 948 1720 viri
977 1697 1019 1720 ac
1043 1687 1220 1720 mulieres
1247 1688 1435 1721 seculares
1460 1689 1538 1721 toto
1555 1688 1621 1720 illo
1639 1689 1807 1730 tempore
1825 1688 1864 1721 in

242 1743 383 1774 tantam
399 1742 636 1775 devotionem
653 1742 894 1782 devenerunt,
913 1743 1011 1784 quod
1025 1753 1099 1775 non
1116 1743 1173 1776 est
1188 1742 1300 1776 facile
1328 1744 1374 1776 ad
1391 1743 1631 1783 credendum,
1650 1743 1739 1784 quia
1753 1743 1864 1776 multi

242 1799 279 1830 et
307 1796 423 1829 multe
453 1797 630 1830 instinctu
663 1797 802 1837 divino,
839 1797 909 1830 hoc
936 1797 1036 1830 Deus
1072 1797 1146 1837 det,
1179 1798 1418 1830 mutaverunt
1451 1807 1536 1830 suas
1567 1801 1689 1831 vestes
1728 1798 1765 1830 et
1796 1807 1865 1831 sua

243 1853 463 1885 ornamenta
486 1853 523 1884 et
554 1851 716 1894 plurime
744 1852 923 1885 mulieres
947 1851 1116 1884 habitum
1143 1851 1277 1893 capitis
1301 1852 1550 1892 mutaverunt,
1569 1860 1710 1885 cornua
1737 1861 1805 1885 sua
1827 1852 1866 1885 et

242 1906 435 1940 haucettas
452 1907 684 1949 deponendo,
697 1907 910 1948 juramenta
926 1907 1044 1940 eciam
1060 1908 1249 1947 consueta,
1260 1907 1553 1949 defigurationes
1568 1906 1681 1939 Jhesu
1699 1906 1811 1940 Cristi
1827 1907 1865 1940 et

243 1963 323 2003 ejus
351 1962 577 2003 passionum,
610 1961 768 2003 virginis
807 1961 926 1995 Marie
965 1962 1003 1995 et
1026 1962 1191 1994 omnium
1228 1962 1440 1994 sanctorum
1478 1961 1718 2003 dimittend03
1755 1961 1863 1994 ludos

243 2016 461 2049 taxillorum
485 2021 523 2049 ct
547 2016 639 2049 alios
664 2016 771 2049 ludos
795 2016 859 2049 ubi
884 2016 1006 2049 taxilli
1034 2025 1187 2049 currere
1215 2015 1386 2049 solebant
1409 2017 1661 2057 dimittentes,
1693 2015 1862 2056 choreas,

243 2071 449 2105 cantilenas
482 2071 693 2104 luxuriosas
727 2074 764 2105 et
795 2071 911 2104 multa
935 2071 1033 2104 levia
1056 2073 1094 2104 et
1124 2071 1334 2111 inhonesta,
1364 2080 1435 2112 que
1474 2071 1722 2104 communiter
1756 2072 1864 2104 erant

243 2128 433 2165 consueta,
449 2126 616 2159 totaliter
630 2127 865 2166 omittentes3
882 2126 1039 2159 cessavit
1056 2126 1174 2158 eciam
1192 2127 1291 2158 fama
1306 2127 1596 2159 fornicationum
1613 2128 1650 2158 et
1663 2125 1863 2159 adulterio-

243 2191 327 2215 rum
339 2182 505 2214 virorum
523 2191 564 2214 ac
581 2181 781 2213 mulierum
800 2182 838 2213 in
852 2183 993 2223 aperto.
1014 2182 1060 2214 Et
1074 2180 1168 2214 Deus
1181 2180 1298 2214 Israel
1310 2181 1494 2214 custodiat
1507 2182 1617 2214 istam
1634 2182 1863 2215 voluntatem

245 2241 281 2268 et
298 2237 562 2278 perseverandi
580 2237 643 2269 det
674 2237 848 2278 gratiam.
875 2236 1035 2268 Multum
1059 2236 1160 2268 enim
1184 2237 1241 2268 est
1268 2236 1614 2276 commendandum,
1641 2237 1739 2278 quod
1765 2237 1866 2279 peni-

245 2291 400 2323 tentiam
424 2291 605 2324 facientes
623 2292 660 2324 et
676 2291 723 2324 ad
749 2290 961 2333 exemplum
974 2300 1103 2324 eorum
1128 2291 1393 2333 quamplurimi
1410 2292 1670 2325 condonabant
1685 2294 1723 2326 et
1738 2292 1864 2325 indul-

244 2347 384 2388 gebant
406 2355 564 2389 guerras
597 2348 717 2379 motas
736 2347 836 2378 inter
853 2347 990 2388 partes,
1011 2347 1047 2379 et
1061 2346 1132 2378 hoc
1144 2346 1216 2378 fuit
1231 2346 1270 2378 in
1289 2346 1458 2378 Tornaco
1477 2347 1514 2379 et
1529 2346 1567 2379 in
1584 2347 1741 2381 diversis
1757 2347 1862 2381 locis,

289 2401 335 2433 Et
348 2403 403 2434 est
417 2402 621 2442 sciendum,
631 2401 741 2443 quod,
757 2401 846 2434 licet
858 2402 896 2433 in
910 2401 975 2433 illo
990 2403 1159 2442 tempore
1172 2401 1305 2434 fuisset
1317 2402 1421 2434 tanta
1433 2402 1632 2435 commotio
1645 2403 1863 2436 facientium

244 2456 502 2497 penitentiam,
520 2457 561 2488 ut
577 2457 633 2489 est
650 2456 804 2496 dictum,
819 2466 892 2488 non
905 2457 1030 2489 tamen
1054 2455 1125 2488 hoc
1141 2456 1256 2489 fiebat
1270 2456 1309 2488 in
1334 2457 1412 2488 tota
1435 2455 1595 2488 Francia
1618 2465 1686 2490 nec
1709 2457 1747 2490 in
1778 2457 1863 2490 aliis

244 2511 371 2553 regnis
388 2512 426 2543 et
440 2511 659 2553 regionibus
677 2511 862 2553 superius,
892 2511 964 2543 nisi
988 2511 1027 2543 in
1052 2510 1241 2551 Flandria‚
1268 2511 1453 2552 Hanonia,
1483 2511 1693 2544 Brabancia
1715 2512 1754 2545 et
1777 2511 1862 2545 aliis

243 2563 462 2604 regionibus
479 2563 717 2596 tendentibus
734 2572 862 2597 versus
881 2564 1133 2598 Occidentem.

288 2617 368 2659 Ego
400 2618 525 2650 autem
556 2618 643 2650 dum
671 2618 837 2651 scribere
860 2618 1043 2652 faciebam
1069 2619 1297 2661 supradicta,
1321 2619 1484 2652 occurrit
1506 2619 1620 2652 michi
1637 2620 1674 2652 et
1690 2620 1793 2653 venit
1814 2620 1861 2653 ad

244 2672 464 2705 memoriam
497 2673 763 2714 prenosticatio
794 2674 967 2716 magistri
996 2673 1180 2707 ,Iohannis
1219 2675 1264 2707 de
1304 2675 1434 2715 Muris,
1474 2675 1656 2716 quomodo
1688 2675 1779 2707 dicit
1809 2674 1862 2706 ibi

244 2727 344 2760 inter
367 2730 504 2767 cetera,
534 2729 842 2761 comminationes
872 2729 1066 2761 stellarum
1091 2731 1127 2762 et
1150 2729 1399 2771 planetarum,
1425 2730 1522 2771 quod
1545 2730 1643 2762 esset
1659 2730 1863 2762 destructio

244 2782 441 2822 sectarum,
468 2783 600 2815 seditio
618 2783 855 2825 populorum,
870 2784 965 2816 ritus
983 2794 1112 2825 novus,
1137 2784 1333 2826 epidemie.
1363 2784 1412 2817 Et
1434 2785 1581 2817 videtur
1607 2783 1735 2823 michi,
1765 2784 1864 2825 quod

246 2836 316 2868 isto
342 2847 437 2869 anno
467 2837 716 2870 MCCCXLIX
741 2839 912 2880 predicta
927 2841 1132 2872 evenerunt
1148 2849 1214 2881 pro
1239 2840 1375 2881 maJori
1393 2841 1512 2881 parte,
1537 2840 1634 2872 sicut
1656 2839 1865 2872 audivimus

244 2892 282 2922 ct
298 2890 456 2924 vidimus
487 2892 525 2924 in
554 2892 736 2933 Tornaco,
767 2894 856 2934 quia
887 2895 989 2927 secta
1013 2894 1221 2934 Judeorun,
1246 2894 1470 2935 ubicumque
1494 2894 1580 2927 sunt
1605 2893 1747 2935 reperti
1763 2893 1864 2927 inter

239 2943 473 2985 christianOS,
493 2946 673 2979 destructi
689 2949 775 2981 sunt
790 2956 858 2990 per
875 2948 1042 2982 diversos
1069 2949 1268 2984 cruciatus.
1299 2949 1458 2991 Insuper
1481 2948 1665 2991 apparitio
1692 2948 1861 2991 peniten-
