2050 3470
310 302 375 337 249
998 298 1135 335 ANNO
1161 298 1245 332 1420

311 417 347 448 in
376 413 534 457 singulis
562 412 638 444 suis
665 410 834 452 partibus
863 419 935 442 non
966 410 1137 452 paruerit
1168 418 1252 442 cum
1281 410 1430 450 effectu,
1462 411 1568 452 juxta
1600 409 1718 452 ipsius
1750 409 1936 443 sententie

309 474 479 503 tenorem
504 469 541 501 et
567 467 660 499 alias
687 474 880 498 sacrorum
911 473 1097 497 canonum
1124 465 1355 508 exigentiam
1388 466 1564 507 puniatis.
1594 465 1643 499 Et
1670 464 1936 498 nichilominus

309 527 440 559 contra
463 521 660 557 Nicolaum
676 521 880 562 prefatum,
904 528 1049 553 necnon
1076 519 1147 552 sibi
1172 519 1412 562 adherentes,
1431 520 1469 553 et
1486 521 1673 553 dictorum
1690 519 1936 553 articulorum

310 583 346 614 et
374 579 623 612 assertionum
640 576 857 614 sectatores,
883 584 926 608 ac
950 574 1165 607 huiusmodi
1190 574 1370 608 articulos
1398 575 1436 608 et
1464 576 1690 608 assertiones
1717 574 1776 607 vel
1805 583 1936 608 eorum

311 637 474 676 aliquem
499 631 761 675 approbantes,
790 631 974 670 tenentes,
992 630 1237 663 defendentes
1260 630 1318 664 vel
1347 631 1654 673 dogmatizantes,
1680 630 1874 672 exemptos
1898 630 1938 662 et

310 700 383 724 non
400 689 607 730 exemptos,
622 688 660 719 et
673 686 879 727 quemlibet
894 685 1073 727 ipsorum,
1089 685 1135 718 de
1153 685 1287 726 quibus
1304 685 1408 718 vobis
1425 686 1650 726 constiterit,
1669 685 1934 726 cuiuscumque

309 745 516 793 dignitatis,
531 744 662 783 status,
680 742 833 784 graduS,
849 740 991 773 ordinis
1008 740 1066 773 vel
1084 741 1308 773 conditionis
1326 741 1501 781 existant,
1521 740 1725 783 diligenter
1742 740 1936 781 inquirere

309 800 503 840 studeatis,
531 799 569 831 et
585 807 649 831 eos
665 806 758 838 quos
788 805 857 838 per
886 796 1170 836 inquisitionem
1203 795 1419 828 huiusmodi
1442 796 1654 829 diffamatos
1670 794 1729 829 vel
1762 805 1937 829 errorum

308 854 521 888 huiusmodi
548 853 633 886 labe
657 859 849 893 respersos
866 851 1100 892 repereritis,
1118 851 1345 884 auctoritate
1366 851 1549 893 predicta,
1567 851 1682 884 etiam
1705 859 1774 892 per
1791 860 1937 884 excom-

308 908 587 950 municationis,
614 906 870 948 suspensionis
901 907 939 939 et
968 906 1172 946 interdicti,
1206 915 1352 939 necnon
1381 906 1606 948 priuationis
1638 906 1866 948 dignitatum
1899 906 1938 939 et

307 964 578 999 beneficiorum
602 971 645 995 ac
667 962 880 1001 feudorum,
898 970 970 1002 que
987 970 1009 993 a
1033 961 1329 1002 quibuscumque
1354 961 1523 1002 ecclesiis
1548 960 1625 994 sive
1642 961 1882 1003 monaster-ijs
1898 961 1937 994 et

308 1020 392 1062 alijs
419 1019 511 1051 locis
539 1016 803 1051 ecclesiasticis
831 1015 1015 1056 obtinent,
1045 1016 1160 1049 etiam
1191 1017 1376 1049 bonorum
1409 1015 1648 1056 secularium,
1681 1016 1720 1049 et
1750 1024 1819 1058 per
1843 1015 1936 1049 alias

307 1084 435 1118 penas
451 1072 656 1106 sententias
681 1072 718 1104 et
742 1080 919 1104 censuras
936 1070 1211 1104 ecclesiasticas
1228 1080 1271 1104 ac
1288 1071 1367 1104 vias
1381 1072 1419 1104 et
1435 1071 1578 1111 modOS‚
1594 1080 1686 1112 quos
1700 1071 1746 1104 ad
1763 1070 1835 1104 hoc
1848 1080 1936 1112 quo-

306 1128 513 1163 modolibet
539 1127 718 1169 expedire
746 1135 812 1159 seu
841 1127 1071 1167 opportunos
1105 1135 1186 1160 esse
1217 1125 1400 1166 videritis,
1432 1127 1547 1159 etiam
1577 1135 1646 1168 per
1673 1126 1867 1168 captiones
1899 1127 1938 1160 et

307 1182 624 1217 incarcerationes
667 1189 915 1223 personarum
960 1181 999 1214 et
1037 1180 1130 1214 alias
1167 1189 1283 1223 penas
1328 1180 1556 1223 corporales,
1597 1181 1732 1221 quibus
1777 1180 1937 1214 heretici

307 1239 514 1281 puniuntur
526 1246 591 1270 seu
608 1236 735 1278 puniri
748 1235 884 1276 solent,
900 1235 1101 1278 corrigatis
1119 1236 1157 1269 et
1172 1236 1351 1277 puniatis,
1369 1245 1413 1269 30
1427 1235 1569 1278 corrigi
1582 1236 1621 1268 et
1633 1235 1759 1278 puniri
1773 1235 1934 1269 faciatis.

308 1293 612 1327 Contradictores
642 1300 711 1332 per
738 1300 935 1323 censuram
963 1290 1270 1332 ecclesiasticam,
1305 1291 1559 1333 appellatione
1590 1291 1808 1333 postposita,
1839 1301 1937 1324 com-

306 1348 504 1391 pescendo,
523 1347 697 1380 inuocato
711 1347 758 1379 ad
775 1345 857 1386 hoc,
873 1346 904 1378 si
918 1355 1011 1388 opus
1027 1346 1155 1387 fuerit,
1174 1345 1316 1378 auxilio
1330 1345 1475 1379 brachii
1493 1345 1686 1379 secularis

351 1404 435 1437 Non
449 1402 683 1436 obstantibus
696 1402 773 1434 tam
789 1400 912 1433 felicis
925 1401 1199 1433 recordationis
1216 1401 1403 1434 Bonifacii
1426 1410 1522 1442 pape
1535 1400 1640 1442 VIII,
1658 1402 1937 1444 predecessoris

308 1458 440 1497 nostri,
460 1466 533 1498 qua
546 1457 702 1489 cauetur
716 1465 762 1488 ne
776 1456 859 1496 quis
877 1456 984 1488 extra
1001 1455 1195 1489 ciuitatem
1219 1457 1258 1488 et
1281 1456 1474 1498 diocesim,
1493 1456 1566 1489 nisi
1582 1456 1621 1489 in
1639 1457 1753 1489 certis
1770 1457 1937 1499 exceptis

309 1513 468 1552 casibus,
483 1513 521 1544 et
537 1512 575 1544 in
589 1511 665 1544 illis
679 1510 777 1543 vltra
789 1519 900 1543 vnam
923 1510 1063 1543 dietam
1080 1520 1102 1543 a
1120 1511 1195 1543 fine
1212 1519 1277 1543 sue
1295 1511 1455 1544 diocesis
1472 1511 1518 1544 ad
1534 1511 1715 1545 iudicium
1733 1513 1912 1545 euocetur
1928 1523 1937 1554 3

309 1581 375 1605 seu
389 1581 434 1604 ne
447 1571 591 1612 judices
609 1579 630 1603 a
643 1570 730 1603 sede
745 1569 952 1610 apostolica
965 1569 1133 1610 deputati
1151 1570 1259 1602 extra
1275 1569 1468 1602 ciuitatem
1485 1570 1523 1603 et
1538 1568 1730 1608 diocesim,
1748 1569 1786 1601 in
1804 1568 1938 1609 quibus

309 1626 478 1668 deputati
494 1625 649 1665 fuerint,
667 1625 799 1657 contra
823 1633 1077 1665 quoscumque
1105 1624 1323 1666 procedere,
1349 1624 1429 1657 siue
1457 1624 1519 1666 alij
1538 1623 1596 1657 vel
1626 1623 1709 1665 alijs
1725 1623 1824 1656 vices
1852 1631 1938 1655 suas

310 1681 558 1722 committere,
577 1680 641 1712 aut
657 1679 802 1720 aliquos
828 1678 925 1712 vltra
952 1688 1062 1711 vnam
1087 1679 1227 1711 dietam
1243 1688 1265 1712 a
1281 1679 1355 1712 fine
1372 1679 1534 1712 diocesis
1550 1678 1767 1712 eorumdem
1784 1676 1937 1711 trahere

308 1737 538 1780 presumant,
557 1736 595 1769 et
611 1735 656 1768 de
671 1735 813 1767 duabus
827 1734 937 1767 dietis
961 1734 1000 1766 in
1025 1733 1184 1766 concilio
1202 1734 1387 1777 generali,
1405 1744 1517 1775 quam
1534 1734 1617 1776 alijs
1642 1734 1937 1775 quibuscumque

309 1791 638 1825 constitutionibus
662 1788 891 1831 apostolicis,
909 1789 986 1821 tam
1008 1789 1053 1822 de
1077 1789 1265 1830 judicibus
1290 1789 1474 1832 delegatis
1505 1798 1617 1830 quam
1641 1789 1813 1831 personis
1841 1788 1940 1821 vltra

310 1847 451 1880 certum
467 1854 664 1879 numerum
682 1845 728 1877 ad
740 1844 923 1886 judicium
939 1853 1014 1876 non
1030 1844 1219 1886 vocandis,
1237 1845 1301 1877 aut
1314 1844 1397 1886 alijs
1415 1845 1541 1887 editiS‚
1558 1853 1630 1885 que
1643 1844 1797 1886 possent
1812 1844 1852 1877 in
1868 1843 1938 1877 hac

308 1904 416 1947 parte
440 1903 563 1935 vestre
585 1899 839 1943 jurisdictioni
863 1900 927 1932 aut
949 1900 1126 1941 potestati
1143 1900 1297 1941 eiusque
1321 1899 1442 1934 libero
1459 1899 1640 1933 exercitio
1658 1898 1940 1941 quomodolibet

311 1957 478 1991 obuiare.
498 1956 570 1989 Seu
587 1956 618 1988 si
635 1956 782 1998 prefato
808 1954 965 1988 Nicolao
990 1954 1048 1988 vel
1067 1955 1262 1996 quibusuis
1279 1954 1363 1997 alijs
1380 1954 1630 1988 communiter
1647 1953 1705 1988 vel
1723 1954 1875 1988 diuisim
1891 1954 1937 1987 ab

309 2013 440 2047 eadem
468 2011 517 2044 sit
543 2011 632 2044 sede
658 2009 858 2050 indultum,
888 2010 987 2052 quod
1014 2010 1203 2052 interdici,
1231 2010 1408 2052 suspendi
1435 2010 1494 2044 vel
1522 2009 1839 2044 excommunicari
1863 2019 1938 2042 non

307 2067 452 2110 possint
463 2075 532 2108 per
547 2065 694 2098 litteras
718 2064 943 2107 apostolicas
967 2074 1041 2097 non
1058 2065 1240 2098 facientes
1256 2065 1408 2107 plenam
1424 2066 1462 2099 et
1479 2074 1695 2107 expressam
1709 2074 1752 2098 ac
1764 2066 1810 2099 de
1822 2065 1937 2098 verbo

308 2123 355 2155 ad
367 2122 522 2155 verbum
539 2121 585 2154 de
598 2119 744 2153 indulto
758 2120 973 2153 huiusmodi
990 2121 1028 2153 et
1044 2129 1174 2153 eorum
1187 2121 1372 2163 personis,
1390 2120 1496 2161 locis,
1515 2120 1710 2154 ordinibus
1726 2120 1764 2154 et
1780 2119 1939 2153 nomini-

307 2178 376 2210 bus
399 2176 561 2218 proprijs
577 2176 825 2216 mencionem,
840 2176 878 2209 et
890 2175 1060 2216 qualibet
1083 2175 1159 2209 alia
1182 2176 1281 2209 dicte
1305 2176 1405 2209 sedis
1428 2176 1668 2219 indulgentia
1692 2175 1863 2219 generali
1876 2174 1936 2208 vel

307 2231 474 2275 speciali,
503 2231 770 2272 cuiuscumque
787 2231 930 2264 tenoris
954 2230 1104 2272 existat,
1121 2239 1190 2272 per
1213 2240 1326 2272 quam
1354 2231 1592 2273 presentibus
1620 2240 1695 2264 non
1719 2239 1936 2273 expressam

306 2286 365 2320 vel
382 2285 552 2319 totaliter
568 2295 641 2318 non
665 2286 846 2320 insertam
870 2287 993 2320 vestre
1008 2286 1282 2328 J’urisdictionis
1309 2286 1511 2329 explicatio
1536 2286 1575 2319 in
1601 2285 1673 2320 hac
1688 2287 1796 2328 parte
1812 2285 1937 2319 valeat

309 2340 590 2383 quomodolibet
619 2341 807 2382 impediri,
838 2341 876 2374 et
906 2341 951 2374 de
983 2350 1057 2382 qua
1088 2341 1268 2382 cuiusque
1299 2342 1378 2375 toto
1410 2342 1542 2375 tenore
1573 2341 1613 2374 in
1644 2341 1783 2374 nostris
1814 2340 1936 2374 literis

308 2397 480 2430 habenda
496 2397 544 2428 sit
556 2396 697 2429 mentio
715 2396 902 2439 specialis

351 2453 488 2485 Datum
505 2451 735 2492 Florentiae,
758 2452 844 2493 .viij.
864 2452 948 2484 idus
965 2451 1151 2494 Januarij‚
1168 2452 1410 2494 pontificatus
1427 2452 1548 2486 nostri
1564 2461 1660 2485 anno
1678 2451 1804 2485 tertio.

653 2528 809 2562 Arcliief
826 2539 893 2562 van
910 2529 975 2563 het
990 2529 1189 2570 Vatikaan,
1214 2530 1424 2573 Regestum
1441 2535 1482 2563 n0
1496 2529 1720 2571 CCCLVIII,
1739 2528 1806 2563 fol.
1819 2527 1933 2570 72-753

698 2584 854 2617 Archief
878 2585 945 2617 der
960 2584 1174 2618 hoofdkerk
1200 2594 1271 2618 van
1295 2585 1477 2627 Doornik,
1504 2584 1714 2618 Cartulaire
1739 2584 1798 2626 H3
1824 2585 1936 2627 asge-

701 2640 815 2672 drukt
843 2640 890 2681 bij
926 2639 1101 2680 Cauchie,
1132 2639 1258 2673 Nicole
1284 2640 1486 2680 Serrurz‘er,
1515 2640 1584 2673 blz.
1610 2638 1752 2672 308-318
1776 2639 1844 2681 (zie
1861 2639 1936 2672 ook

701 2693 906 2735 denzelfde,
921 2695 1086 2735 Mission,
1101 2695 1168 2727 blz.
1187 2694 1357 2737 314-315).
1373 2714 1414 2719 —
1430 2695 1555 2728 Reeds
1580 2694 1716 2738 geheel
1731 2694 1936 2737 afgedrukt

700 2750 748 2791 bij
769 2750 987 2791 Tomasetti,
1007 2749 1234 2791 Bullarium,
1259 2750 1342 2783 deel
1359 2750 1422 2790 IV,
1440 2750 1508 2783 blz.
1527 2749 1694 2792 690-6953
1721 2759 1768 2783 en
1793 2749 1934 2791 Coque-

699 2804 808 2845 lines,
833 2804 1066 2847 Bullarium,
1085 2805 1169 2838 deel
1193 2805 1264 2846 ΙΙΙ,
1289 2805 1359 2838 blz.
1378 2804 1546 2848 435-4383
1571 2805 1645 2838 ook
1668 2803 1934 2848 grootendeels

700 2860 749 2901 bij
781 2860 962 2893 Odoricus
989 2860 1220 2903 Raynaldus,
1238 2860 1405 2895 Annales
1420 2859 1660 2902 ecclesiastici,
1684 2859 1768 2894 deel
1792 2859 1934 2900 XVIII,

699 2915 769 2948 blz.
797 2915 910 2957 28-29,
928 2925 1029 2949 waar
1056 2917 1103 2950 de
1129 2916 1193 2949 bul
1220 2916 1351 2960 begint
1372 2916 1451 2950 met
1477 2916 1523 2950 de
1549 2916 1754 2950 woorden:
1779 2913 1935 2949 Dudum

691 2974 890 3015 postquam
906 2970 1123 3007 venerabilis
1137 2971 1268 3015 frater.
