2050 3470
812 242 950 276 ANNO
976 241 1060 274 1318
1718 237 1763 270 73

124 357 227 401 orde
249 354 493 412 afgesehaft
525 354 626 397 had.
663 354 780 396 Doch
820 366 872 408 op
896 351 988 393 veel
1013 350 1210 407 plaatsen
1245 350 1369 391 leven
1404 349 1755 405 rechtgeloovige

125 425 352 483 Begijnen,
375 424 441 466 die
460 436 541 466 van
561 423 664 466 deze
681 420 1011 475 veroordeeling
1034 422 1206 462 moeten
1229 418 1538 473 nitgezonderd
1562 418 1757 461 worden.

126 497 183 538 De
207 493 490 548 hisschoppen
509 496 678 534 moeten
702 489 962 544 zulkdanige
996 488 1205 544 Begijnen
1245 491 1374 543 tegen
1411 486 1517 529 hare
1555 487 1755 544 vijanden

125 563 422 606 beschermen.
449 559 612 618 Hierbij
636 560 708 602 wil
745 559 796 601 de
828 572 934 615 paus
967 558 1181 600 nochtans
1215 556 1266 599 de
1301 557 1404 598 orde
1440 556 1517 598 der
1549 556 1758 612 Begijnen

126 636 216 678 niet
237 633 514 690 goedkeuren
537 643 590 672 en
614 629 671 686 hij
698 628 840 684 gelast
871 627 924 670 de
957 626 1244 680 bisschoppen
1279 625 1427 667 overal
1452 638 1559 667 eene
1584 628 1761 680 strenge

125 701 481 746 waakzaamheid
505 713 609 742 over
641 699 750 740 haar
772 697 834 739 uit
860 700 904 739 te
927 696 1124 739 oefenen.
1150 695 1210 737 De
1246 693 1606 749 wederspannige
1629 693 1764 736 onder

125 772 233 815 haar
273 775 443 814 moeten
488 774 575 812 met
614 768 666 811 de
704 765 959 823 geestelijke
997 777 1186 808 censuur
1228 763 1391 806 zonder
1434 763 1562 818 eenig
1605 761 1762 818 beroep

125 840 303 884 worden
328 838 515 896 gestraft
548 851 601 880 en
637 837 678 879 in
712 836 764 879 de
797 833 1165 892 onmogelijkheid
1202 832 1381 876 worden
1413 831 1583 888 gesteld
1617 845 1685 874 om
1710 831 1762 874 de

124 909 316 967 gezonde
337 909 527 963 schapen
552 912 595 950 te
619 905 881 950 besmetten.

166 1018 190 1054 J
193 1018 360 1053 ohannes
376 1027 474 1061 papa
489 1018 579 1060 xxij.
597 1018 655 1051 Ad
671 1017 894 1060 perpetuam
910 1016 967 1049 rei
984 1015 1217 1049 memoriam.

166 1075 285 1108 Racio
303 1076 407 1107 recta
423 1083 498 1106 non
514 1073 669 1115 patitur,
689 1073 730 1105 ut
746 1072 965 1105 innocentes
994 1071 1039 1104 ad
1064 1070 1171 1113 paria
1187 1078 1272 1102 cum
1290 1068 1511 1102 nocentibus
1536 1066 1763 1099 iudicentur.

167 1129 264 1163 Sane
287 1129 410 1163 felicis
433 1128 712 1162 recordacionis
731 1127 902 1160 Clemens
915 1135 1012 1168 papa
1026 1126 1179 1167 quintus
1196 1125 1443 1167 predecessor
1460 1124 1599 1161 noster,
1618 1130 1703 1154 cum
1720 1120 1766 1152 dc

122 1184 358 1224 mulieribus,
369 1193 440 1226 que
455 1183 628 1226 Beghine
644 1183 855 1226 vulgariter
872 1184 908 1215 et
925 1181 1160 1214 communius
1176 1181 1451 1222 noncupentur,
1463 1178 1582 1211 multa
1595 1177 1666 1210 sibi
1682 1176 1769 1208 suis-

123 1241 207 1273 sent
223 1240 402 1282 precipue
425 1240 470 1272 de
487 1240 662 1272 Almanie
679 1239 850 1280 partibus
863 1237 1054 1270 insinuata
1071 1237 1236 1275 sinistra,
1257 1236 1293 1268 et
1306 1235 1507 1277 presertim
1525 1233 1623 1275 quod
1641 1231 1767 1273 alique

124 1293 343 1326 earumdem
357 1293 402 1326 de
417 1294 546 1325 sancta
569 1292 739 1324 trinitate
754 1293 791 1324 et
804 1291 932 1323 divina
947 1290 1116 1325 essencia
1140 1289 1333 1331 disputare
1359 1297 1401 1320 ac
1418 1288 1537 1320 eciam
1554 1285 1768 1328 predicare,

127 1349 229 1382 circa.
245 1346 424 1380 articulos
442 1355 591 1388 quoque
607 1346 694 1379 fidei
720 1347 757 1378 et
781 1349 1016 1378 sacramenta
1040 1343 1299 1376 ecclesiastica
1322 1342 1518 1383 opiniones
1535 1341 1658 1374 eidem
1675 1340 1766 1374 fidei

125 1403 335 1438 contrarias
350 1402 593 1435 introducere
618 1402 656 1434 et
681 1400 887 1433 multorum
911 1398 1142 1441 simplicium
1161 1398 1304 1431 animas
1322 1398 1361 1430 in
1380 1397 1547 1430 diversos
1564 1405 1678 1439 super
1693 1396 1765 1438 hijs

126 1469 277 1494 errores
304 1460 497 1499 inducere,
531 1459 724 1501 multaque
759 1458 835 1491 alia
863 1458 1073 1491 animarum
1107 1455 1278 1498 pericula
1308 1455 1503 1497 pariencia
1535 1456 1662 1488 facere
1697 1455 1764 1487 sub

125 1516 288 1558 quodam
314 1515 523 1549 sanctitalis
547 1516 674 1548 fucato
698 1514 886 1548 velamine
910 1513 1191 1555 presumebant,
1218 1521 1264 1544 ex
1289 1511 1361 1552 hijs
1380 1512 1416 1544 et
1439 1511 1523 1552 alijs
1547 1512 1767 1552 frequenter

122 1572 168 1605 de
198 1571 276 1604 illis
305 1571 442 1605 auditis
467 1580 530 1604 eas
560 1570 703 1603 habens
732 1580 806 1602 non
835 1570 993 1612 indigna
1021 1569 1174 1601 racione
1203 1570 1406 1609 suspectas,
1433 1568 1571 1599 statum
1601 1567 1767 1608 ipsarum

122 1627 399 1670 prohibendum
415 1627 521 1659 duxit
540 1627 723 1668 perpetuo
743 1626 779 1658 et
797 1634 818 1658 a
836 1625 906 1658 Dei
925 1623 1085 1657 ecclesia
1102 1624 1252 1665 penitus
1268 1622 1506 1661 abolendum,
1524 1622 1563 1654 in
1576 1621 1675 1661 illas,
1694 1630 1766 1662 que

122 1684 261 1716 statum
276 1682 492 1715 huiusmodi
509 1683 585 1714 iam
602 1682 841 1723 assumptum
857 1681 1094 1713 sectarentur
1110 1678 1270 1712 ulterius
1293 1679 1357 1711 aut
1373 1687 1447 1719 que
1470 1676 1578 1710 illum
1600 1677 1645 1709 de
1671 1686 1766 1709 novo

123 1739 370 1775 assumerent,
389 1737 796 1770 excommunicacionis
815 1736 1051 1769 sentencium
1066 1733 1358 1776 promulgando.

166 1793 319 1832 Verum,
339 1792 428 1834 quia
443 1793 482 1824 in
499 1791 628 1824 multis
645 1791 775 1824 mundi
800 1790 971 1832 partibus
997 1790 1084 1822 sunt
1102 1789 1268 1831 plurime
1294 1787 1485 1828 mulieres,
1503 1797 1574 1829 que
1589 1787 1766 1821 similiter

123 1848 296 1892 Beghine
313 1848 426 1891 vulgo
450 1850 581 1880 vocate
606 1847 838 1890 segregatim
864 1855 1015 1888 quoque
1040 1846 1078 1878 in
1104 1846 1305 1887 parentum
1330 1844 1508 1887 hospicijs
1533 1844 1590 1877 vel
1617 1845 1654 1876 in
1673 1845 1763 1882 suis,

123 1904 314 1938 interdum
337 1912 426 1936 vero
451 1904 490 1935 in
507 1903 591 1944 alijs
609 1904 673 1936 aut
696 1902 891 1935 conductis
908 1902 980 1933 sibi
1006 1901 1271 1934 communibus
1298 1900 1470 1932 domibus
1488 1899 1639 1932 insimul
1659 1899 1762 1932 habi-

122 1961 246 1993 tantes
278 1959 394 1992 vitam
434 1959 575 1991 ducunt
613 1957 825 1997 honestam,
859 1957 1037 1990 ecclesias
1074 1957 1209 1989 deuote
1248 1956 1502 1997 frequentant,
1543 1955 1764 1997 dyocesanis

123 2017 294 2050 locorum
310 2016 348 2047 et
364 2013 630 2056 parochiarum
648 2013 896 2046 ecclesiarum
916 2012 1128 2044 rectoribus
1152 2012 1371 2043 reverenter
1396 2011 1589 2050 obediunt,
1608 2010 1763 2043 curiosi-

123 2073 240 2105 tatem
255 2071 488 2114 predicandi,
506 2070 721 2112 disputandi
738 2069 797 2102 vel
817 2069 1080 2102 auctoritatem
1103 2077 1168 2101 seu
1197 2068 1449 2100 temeritatem
1477 2067 1607 2108 pocius
1639 2066 1762 2108 predi·
1799 2091 1803 2096 .

123 2127 234 2160 candi
252 2126 355 2159 nullo
372 2126 482 2158 modo
500 2127 573 2158 sibi
589 2127 772 2167 usurpant
789 2134 858 2158 1166
871 2134 910 2157 56
924 2133 992 2157 1166
1010 2124 1103 2156 alias
1121 2132 1186 2156 seu
1205 2122 1299 2155 alios
1317 2121 1505 2164 quoslibet
1522 2122 1762 2163 opinionibus

124 2182 392 2226 premissisque
409 2182 601 2214 erroribus
618 2181 819 2213 inuoluunt
837 2189 906 2213 nec
923 2179 1002 2212 ulla
1018 2179 1138 2212 eciam
1162 2187 1275 2220 super
1302 2176 1400 2221 [hoc]
1431 2179 1487 2210 est
1511 2178 1575 2210 aut
1599 2177 1671 2209 fuit
1695 2185 1763 2209 nec

124 2239 181 2272 cst
197 2239 286 2271 nota
301 2238 383 2270 siue
399 2237 563 2278 suspicio
587 2238 719 2269 contra
744 2245 826 2277 eas;
857 2245 925 2268 nec
953 2236 1052 2278 ipsas
1070 2233 1273 2267 dissimiles
1292 2233 1375 2275 alijs
1400 2232 1535 2265 similis
1561 2233 1661 2265 omni
1679 2231 1762 2274 alijs

123 2301 284 2327 censura
299 2292 546 2334 constringat,
565 2301 658 2325 neve
675 2291 804 2324 multis
828 2300 973 2330 earum,
1001 2299 1074 2332 que
1102 2290 1200 2322 forte
1217 2291 1439 2331 perpetuam
1465 2287 1625 2320 Domino
1644 2289 1760 2321 conti-

123 2350 296 2388 nenciam
324 2347 562 2380 deuouerunt
578 2347 736 2386 occasio,
763 2347 968 2388 prebeatur
992 2345 1038 2379 ad
1062 2345 1209 2387 lapsum
1225 2346 1264 2377 et
1283 2346 1324 2377 111
1352 2343 1563 2386 periculum
1591 2344 1762 2385 dampnis

123 2405 162 2438 61
177 2402 363 2437 scandalis
379 2401 567 2445 plurimis,
594 2411 666 2444 que
690 2402 846 2444 perinde
871 2403 912 2434 ut
933 2402 1112 2434 timeatur
1136 2399 1396 2433 verisimiliter
1419 2399 1669 2441 sequerentur
1691 2407 1760 2440 per

122 2457 379 2500 prouisionem
396 2457 630 2490 actomodam
647 2456 684 2500 (2)
702 2459 949 2497 occurratur3

167 2513 245 2546 Nos
262 2512 453 2556 Beghinas
477 2512 691 2545 huiusmodi
717 2522 791 2545 non
816 2511 1036 2554 culpabiles,
1051 2512 1092 2543 ut
1115 2510 1360 2553 premittitur,
1387 2518 1455 2542 1166
1479 2510 1670 2550 suspectas
1693 2510 1760 2541 sub

122 2569 384 2612 prohibicione
401 2570 439 2601 et
455 2568 666 2600 abolicione
682 2567 888 2609 premissis,
908 2567 997 2608 quia
1013 2567 1058 2600 (16
1075 2566 1166 2608 ipsis
1183 2566 1428 2607 predecessor
1446 2566 1615 2607 prefatus
1643 2564 1762 2598 nulla-

124 2627 233 2658 tenus
267 2624 429 2657 sensisse
464 2624 684 2660 dinoscitur.
718 2623 764 2656 de
802 2623 963 2656 fratrum
1001 2623 1216 2655 nostrorum
1256 2620 1414 2654 consilio
1453 2619 1689 2653 declaramus
1725 2621 1763 2652 et

123 2679 295 2712 volumus
329 2688 393 2712 eas
428 2689 502 2711 non
538 2678 693 2718 includi,
718 2677 888 2711 locorum
920 2678 1120 2719 ordinarijs
1145 2676 1412 2709 nichilominus
1436 2676 1690 2718 iniungentcs,
1719 2676 1761 2708 ut

124 2743 188 2768 eas
204 2735 272 2768 sub
297 2734 368 2767 hoc
391 2736 566 2777 pretextu
596 2733 810 2767 nullatenus
838 2733 1034 2767 molestari
1062 2733 1304 2775 permittant3
1323 2733 1373 2772 et,
1399 2732 1431 2764 si
1457 2732 1547 2773 quid
1571 2732 1698 2763 forsan
1716 2738 1762 2762 cx

124 2789 196 2823 hoc
226 2790 266 2823 in
293 2790 401 2823 bonis
431 2791 495 2822 aut
521 2789 669 2831 juribus
699 2789 775 2821 suis
808 2789 1105 2830 quibuscumque
1144 2789 1275 2821 contra
1311 2796 1374 2820 eas
1411 2787 1674 2828 attemptatum
1705 2786 1763 2818 est

125 2845 318 2885 hactenus,
349 2845 407 2879 vel
436 2846 652 2887 attemptari
681 2845 887 2887 contigerit
913 2845 951 2877 in
980 2846 1160 2882 futurum,
1189 2843 1283 2876 illud
1312 2852 1380 2885 per
1404 2843 1523 2875 dictos
1549 2841 1761 2874 ordinarios

124 2901 349 2934 auctoritate
373 2902 502 2934 nostra
528 2901 567 2934 111
596 2901 735 2933 statum
762 2900 965 2942 pristinum
986 2899 1158 2933 volumus
1181 2899 1325 2939 reduci,
1350 2899 1525 2932 inuocato
1554 2897 1600 2931 ad
1625 2896 1709 2938 hoc,
1727 2896 1758 2929 si

124 2965 217 2999 opus
233 2957 362 2998 fuerit,
381 2955 523 2990 auxilio
541 2955 683 2998 brachjj
703 2954 895 2990 secularis.
