2050 3470
809 242 947 277 ANNO
974 243 1057 275 1419
1685 242 1751 275 235

106 356 192 398 Jure
208 354 388 388 canonico
407 355 445 387 01
472 354 633 387 aliorum
649 353 970 396 J'urisperitorum,
989 354 1035 387 de
1059 353 1194 395 quibus
1218 352 1289 385 sibi
1318 351 1520 393 videbitur,
1547 354 1748 388 confirmet

109 410 168 444 vel
199 410 395 451 infirmet;
427 419 512 442 cum
543 410 731 451 potestate
763 410 922 442 eandem
953 409 1179 442 sententiam
1218 408 1402 448 mutandi,
1439 409 1656 452 corrigendi
1690 410 1748 443 vel

109 466 345 505 moderandi,
363 465 476 507 prout
503 465 609 508 rigor
624 465 775 507 justicie
804 465 893 497 fidei
921 464 1106 497 catholice
1129 463 1187 496 vel
1216 463 1363 505 equitas
1379 463 1474 504 juris
1499 464 1696 506 permittet
1711 466 1751 498 et

109 521 310 563 suadebit;
343 529 428 553 eum
455 521 643 562 potestate
671 521 830 553 eandem
858 519 979 552 eciam
1011 519 1237 553 sententiam
1266 519 1399 552 contra
1425 519 1687 553 inobedientes
1712 521 1751 553 et

110 576 275 611 rebelles
304 576 343 609 in
375 575 482 608 curia
512 577 551 609 et
582 576 690 609 extra
718 575 943 616 exequendi,
976 584 1174 617 processus
1203 575 1365 616 desuper
1393 575 1639 614 necessarios,
1666 585 1750 608 cum

110 631 404 675 aggrauacione,
421 632 747 674 reaggrauacione
775 632 814 664 et
841 630 969 672 auxilij
997 629 1138 672 brachij
1168 629 1351 663 secularis
1379 629 1625 663 inuocacione
1642 630 1750 663 vnico

110 688 303 727 contextu,
333 695 418 719 cum
446 686 659 720 interuallis
687 687 835 719 dierum
862 686 1105 726 decernendi,
1134 685 1234 718 dieta
1262 685 1527 718 commissione
1544 685 1583 718 et
1609 685 1693 727 alijs
1711 685 1749 719 in

110 742 343 777 contrarium
356 742 584 775 facientibus
602 751 676 774 non
694 741 931 774 obstantibus
948 742 1258 782 quibuscumque.
1275 755 1291 768 „

154 798 200 832 In
225 798 300 831 fine
317 806 406 830 vero
424 797 524 830 dicte
550 797 825 830 commissionis
843 797 924 830 siue
948 796 1240 839 supplicacionis
1266 795 1398 829 cedule
1416 796 1558 838 scripta
1581 796 1690 829 erant
1706 795 1752 829 (10

112 853 272 888 alterius
287 862 421 886 manus
434 852 565 886 littera
581 853 770 894 superiori
784 852 913 885 littere
931 852 1048 894 ipsius
1066 852 1199 885 cedule
1221 852 1373 894 penitus
1402 852 1441 884 et
1468 851 1623 885 omnino
1647 851 1753 884 dissi-

111 908 194 943 mili
210 909 249 943 et
260 908 412 942 diuersa
428 907 498 941 hec
514 908 641 949 verba,
659 908 837 941 videlicet
854 917 862 940 :

159 978 175 992 u
194 965 250 998 De
266 964 443 997 mandato
469 963 614 996 domini
628 963 747 996 nostri
764 972 861 1005 pape
878 963 1008 996 audiat
1031 963 1130 996 idem
1155 962 1496 996 reuerendissimus
1512 963 1621 1004 pater
1638 961 1755 995 domi-

115 1030 185 1054 nus
213 1018 430 1059 cardinalis,
459 1020 498 1052 et
524 1019 556 1052 si
588 1019 661 1051 sibi
693 1019 908 1051 constiterit
942 1019 988 1051 de
1020 1018 1227 1060 premissis,
1264 1019 1445 1060 procedat
1475 1027 1522 1051 ex
1555 1017 1678 1051 officio
1708 1018 1755 1050 ad

115 1075 447 1109 confirmacionem
464 1074 523 1108 vel
550 1074 852 1107 infirmacionem
880 1075 980 1107 dicte
1009 1074 1209 1116 sententie,
1242 1083 1328 1106 cum
1355 1074 1544 1116 potestate
1570 1073 1755 1112 mutandi,

114 1133 202 1172 eto„
221 1131 450 1165 decernendi
467 1139 687 1172 processum
714 1130 830 1162 etiam
855 1139 939 1162 cum
967 1130 1226 1170 inuocacione,
1245 1130 1333 1172 etc.,
1362 1129 1493 1163 electis
1520 1138 1589 1171 per
1606 1137 1692 1162 eum
1709 1129 1755 1162 ad

115 1186 387 1221 consulendum
404 1186 610 1229 magistris,
629 1186 675 1219 de
693 1185 829 1226 quibus
846 1186 918 1218 sibi
935 1186 1138 1218 videbitur.
1154 1200 1170 1214 n

160 1243 274 1276 Cuius
291 1241 567 1275 commissionis
584 1242 717 1284 vigore
734 1250 801 1273 nos
819 1241 858 1274 in
875 1242 1007 1274 eadem
1032 1250 1145 1274 causa
1160 1240 1233 1274 rite
1251 1242 1289 1274 et
1305 1240 1477 1284 legitime
1493 1240 1755 1283 procedentes,

116 1298 278 1333 seruatis
291 1297 488 1331 seruandis
502 1307 545 1330 30
558 1297 752 1339 910(100115
767 1306 895 1331 coram
909 1297 1016 1330 nobis
1030 1296 1192 1330 diuersis
1206 1296 1390 1336 articulis,
1405 1296 1756 1335 informacionibus,

116 1354 366 1394 documentis,
384 1353 714 1394 relacionibusque
730 1353 892 1396 publicis
909 1353 947 1386 et
964 1352 1263 1395 allegacionibus
1280 1352 1423 1385 vicibus
1440 1351 1612 1393 repetitis
1629 1360 1755 1384 coram

117 1410 227 1443 nobis
255 1410 302 1443 ad
333 1409 488 1451 plenum
515 1408 656 1442 habitis
684 1410 723 1442 et
749 1409 860 1442 factis
888 1417 956 1450 per
984 1407 1155 1440 diuersos
1183 1407 1222 1440 in
1250 1417 1357 1440 sacra
1374 1407 1514 1450 pagina
1540 1407 1757 1449 magistros,

117 1465 253 1500 deinde
289 1464 502 1507 comparuit
535 1465 574 1497 in
604 1465 746 1506 judicio
780 1473 909 1497 coram
944 1463 1053 1496 nobis
1088 1463 1272 1506 magister
1306 1462 1457 1505 Symon,
1494 1464 1690 1505 promotor
1722 1463 1761 1495 et

118 1521 322 1564 instigator
346 1529 392 1554 ex
418 1520 542 1553 officio
572 1521 701 1553 nostro
730 1520 931 1562 deputatus
959 1519 998 1552 in
1026 1518 1243 1551 huiusmodi
1261 1527 1374 1551 causa
1402 1528 1445 1551 30
1471 1517 1706 1560 promotorio
1724 1518 1763 1551 et

118 1576 360 1620 instigatorio
379 1576 608 1616 nominibus,
627 1577 665 1609 et
681 1577 865 1617 quantum
881 1575 921 1608 in
938 1584 982 1608 eo
1000 1575 1073 1607 fuit
1090 1575 1130 1607 in
1148 1573 1218 1607 hac
1235 1584 1349 1607 031153
1365 1573 1562 1613 conclusit,
1581 1574 1619 1606 et
1636 1582 1763 1606 secum

117 1633 158 1666 in
175 1633 308 1666 eadem
325 1631 513 1673 concludj,
539 1633 578 1665 et
602 1632 736 1674 expost
753 1631 997 1664 diffinitiuam
1014 1630 1242 1663 sententiam
1259 1638 1328 1671 pro
1347 1630 1457 1672 parte
1474 1638 1541 1662 sua
1558 1629 1596 1661 in
1613 1628 1765 1671 scriptis

117 1688 214 1722 ferri
230 1688 269 1721 et
285 1687 522 1731 promulgari
535 1697 604 1729 per
621 1697 688 1720 1105
706 1687 834 1720 debita
858 1695 944 1719 eum
968 1686 1149 1719 instantia
1166 1685 1388 1727 postulauit.
1405 1685 1483 1718 Nos
1501 1685 1590 1717 10110
1606 1694 1764 1717 10130001

119 1744 220 1777 dicto
247 1743 432 1786 magistro
458 1743 621 1786 Symone
647 1743 898 1776 concludente
926 1743 964 1775 et
981 1751 1108 1775 500010
1126 1740 1301 1774 001101οᾶ1
1324 1741 1490 1783 petente,
1509 1740 1548 1773 in
1565 1740 1635 1773 hac
1652 1749 1766 1773 03053

119 1799 397 1841 00110105110115;
430 1799 468 1832 01
496 1799 646 1838 deinde,
679 1799 769 1831 visis
801 1798 978 1840 primitus
1006 1798 1045 1830 et
1072 1796 1280 1839 diligenter
1308 1796 1489 1838 inspeetis
1522 1797 1696 1829 omnibus
1729 1796 1767 1829 et

119 1855 281 1898 singulis
305 1855 412 1896 actis,
431 1854 609 1894 actitatis,
628 1854 781 1894 litteris,
808 1853 1021 1896 scripturis,
1039 1852 1222 1892 articulis,
1242 1852 1583 1894 proposicionibus,
1601 1861 1766 1893 respon.-

120 1911 303 1951 sionibus,
321 1910 668 1950 informationibus,
682 1910 831 1952 juribus
846 1910 883 1943 et
896 1908 1154 1949 munimentis,
1170 1907 1399 1949 testiumque
1414 1907 1713 1949 depositionibus
1727 1907 1766 1939 in

121 1967 193 2000 hac
227 1975 340 2000 causa
374 1965 555 1999 exhibitis
586 1966 700 2007 atque
735 1965 943 2007 productis,
974 1964 1104 2005 eisque
1136 1972 1220 1996 cum
1250 1963 1449 2006 diligentia
1481 1964 1519 1995 et
1549 1963 1769 1996 maturitate

122 2022 251 2056 debita
266 2021 479 2061 recensitis,
498 2021 544 2054 de
563 2021 803 2054 diuersorum
827 2020 1079 2062 prelatorum,
1102 2019 1426 2062 jurisperitorum,
1444 2018 1715 2061 magistrorum
1731 2018 1769 2051 in

121 2087 231 2112 sacra
242 2077 383 2121 pagina
397 2078 435 2110 et
448 2077 643 2118 vtriusque
655 2077 751 2119 juris
766 2077 977 2116 doctorum,
993 2075 1102 2108 nobis
1113 2084 1181 2117 per
1192 2075 1382 2116 prefatum
1393 2074 1586 2106 dominum
1600 2074 1771 2106 nostrum

122 2142 260 2176 papam
286 2133 326 2166 in
343 2132 558 2166 huiusmodi
577 2142 690 2166 causa
719 2132 997 2174 deputatorum,
1016 2140 1059 2165 30
1087 2131 1125 2163 in
1143 2130 1332 2163 sententia
1359 2130 1490 2162 nostra
1515 2129 1768 2171 infrascriptis

84 2207 87 2211 ·
122 2189 296 2223 manibus
313 2197 445 2222 eorum
472 2189 637 2230 propriJ's
665 2188 978 2230 subscriptorum,
1004 2187 1043 2220 et
1070 2185 1340 2219 nonnullorum
1367 2184 1530 2218 aliorum
1554 2184 1712 2217 consilio
1730 2186 1770 2218 et

125 2254 293 2285 assensu,
313 2244 450 2286 quibus
475 2245 521 2277 dc
550 2243 766 2277 huiusmodi
783 2252 895 2277 cause
919 2243 1068 2277 meritis
1085 2241 1313 2275 relationem
1330 2240 1540 2283 plenariam
1557 2240 1715 2273 fecimus
1732 2241 1772 2273 et

124 2300 289 2340 fidelem,
303 2298 579 2342 prehabitaque
594 2308 708 2341 super
720 2299 916 2341 premissis
934 2297 1209 2332 deliberatione
1223 2297 1384 2336 matura,
1403 2296 1450 2329 ad
1463 2296 1631 2328 nostram
1646 2295 1685 2328 in
1699 2294 1771 2328 hac

124 2365 237 2389 03053
253 2355 496 2388 diffinitiuam
513 2356 782 2397 proferendam
807 2354 1036 2388 sententiam
1060 2352 1327 2396 processimus,
1353 2360 1512 2393 eamque
1535 2360 1604 2393 per
1622 2360 1679 2391 ea,
1698 2360 1771 2392 que

124 2411 285 2444 vidimus
301 2412 339 2444 et
363 2411 624 2454 cognouimus,
642 2411 682 2443 in
709 2411 859 2453 scriptis
877 2410 1033 2443 tulimus
1057 2410 1095 2443 et
1111 2407 1453 2451 promulgauimus,
1472 2416 1515 2440 ac
1532 2406 1772 2448 presentibus

125 2467 284 2500 ferimus
298 2467 336 2500 et
352 2466 639 2509 promulgamus
652 2466 692 2499 in
708 2466 808 2499 hunc
821 2466 973 2499 modum
990 2475 997 2498 :

171 2535 187 2550 ιι
204 2522 354 2557 Cmus'rx
378 2531 518 2556 NOMINE
535 2522 727 2562 inuocato,
741 2530 810 2563 pro
828 2520 1009 2554 tribunali
1027 2521 1201 2554 sedentes
1226 2520 1264 2553 et
1281 2519 1402 2552 solum
1428 2519 1548 2551 Deum
1566 2527 1634 2560 pre
1652 2517 1771 2551 oculis

126 2577 322 2617 habentes,
342 2577 430 2610 visis
459 2576 633 2610 omnibus
652 2578 690 2610 et
718 2576 878 2620 singulis
895 2577 989 2610 actis
1006 2577 1045 2610 et
1061 2575 1227 2609 actitatis
1252 2576 1329 2608 tam
1356 2574 1395 2607 in
1412 2574 1584 2617 partibus
1601 2583 1714 2615 quam
1731 2573 1770 2606 in

126 2633 287 2666 00001110
316 2632 489 2676 generali
522 2632 801 2665 Constantiensi
832 2632 871 2665 in
899 2632 1069 2674 presenti
1104 2640 1217 2664 eausa
1252 2630 1405 2671 habitis,
1438 2637 1584 2662 necnon
1616 2629 1771 2662 testium

127 2688 439 2731 depositionibus,
466 2688 632 2728 dictique
649 2688 824 2730 magistri
844 2688 993 2720 Nicolai
1018 2686 1225 2728 Serrurarij
1245 2687 1438 2718 certorum
1465 2683 1713 2718 articulorum
1731 2684 1771 2717 in

127 2753 241 2778 causa
257 2743 473 2777 huiusmodi
491 2743 789 2786 designatorum,
805 2744 843 2776 et
859 2752 929 2785 per
945 2739 1030 2776 euni
1050 2743 1087 2775 in
1105 2741 1334 2775 Tornacensi
1351 2741 1390 2774 et
1403 2739 1668 2774 Cameracensi
1681 2739 1774 2772 ciui-

128 2800 268 2833 tatibus
291 2800 329 2832 et
353 2799 567 2832 diocesibus
588 2800 626 2832 et
650 2798 743 2831 locis
761 2799 1039 2832 circumvicinis
1061 2798 1342 2840 predicatorum
1362 2797 1400 2829 et
1420 2796 1774 2839 dogmatizatorum.

128 2855 386 2895 reuocatione,
401 2855 652 2894 confessione,
665 2854 946 2896 Juramentique
963 2855 1009 2887 de
1027 2863 1102 2886 non
1118 2852 1304 2886 veniendo
1322 2853 1455 2885 contra
1471 2851 1717 2894 prestatione,
1736 2851 1776 2884 et

130 2911 303 2944 omnibus
321 2911 408 2943 inde
436 2910 589 2949 50011115,
609 2910 775 2952 ipsisque
804 2919 890 2943 cum
918 2910 1115 2951 diligentia
1144 2907 1268 2941 debite
1293 2907 1505 2947 recensitis,
1524 2907 1656 2949 vigore
1674 2915 1773 2939 com-

132 2966 322 3001 missionis
350 2966 457 2999 nobis
487 2967 649 3008 desuper
680 2967 792 3006 facte,
826 2967 871 2999 de
904 2965 1061 3000 consilio
1097 2965 1288 2998 certorum
1318 2963 1564 3006 prelatorum,
1595 2963 1632 2996 in
1664 2971 1770 2996 sacra
