2050 3470
234 289 298 323 152
930 285 1066 320 ANNO
1093 285 1178 318 1384

232 398 413 441 colligere
429 397 578 431 valeant
600 397 639 430 in
667 397 852 438 supernis.
873 395 1025 435 Verum,
1046 395 1144 428 sicut
1164 395 1203 428 in
1231 395 1389 438 prefatis
1406 395 1602 429 inseruisti
1626 395 1762 436 literis,
1782 396 1871 430 sunt

232 452 402 486 nonnulli
420 451 556 493 prelati
575 453 612 484 et
642 452 810 483 rectores
829 449 1079 483 ecclesiarum
1102 449 1341 483 diversarum
1373 450 1593 491 diocesium,
1620 451 1685 492 qui
1709 460 1784 485 non
1799 452 1872 486 dis-

233 509 428 542 cernentes
457 507 559 546 ,inter
582 507 719 539 bonam
746 505 862 538 vitam
891 506 929 538 et
963 504 1167 546 reprobam
1187 513 1229 537 ac
1259 506 1454 538 frumenta
1486 515 1559 538 non
1588 506 1826 541 excucientes
1849 516 1872 541 a

231 563 348 605 paleis
366 562 561 594 occasione
583 560 870 593 constitucionis
888 568 982 593 nove
1001 560 1122 602 posite
1136 561 1204 593 sub
1222 560 1331 593 titulo
1355 573 1370 590 α
1390 561 1435 594 de
1450 561 1550 594 statu
1566 561 1837 596 monachorum
1853 575 1868 593 ι

232 619 270 651 in
311 616 566 655 clementinis,
599 616 662 657 qui
693 616 826 657 incipit
856 613 949 648 Cum
977 613 1023 647 de
1047 613 1270 659 quibusdam
1304 614 1522 649 mulieribus
1553 618 1590 650 et
1619 618 1760 659 cetera,
1788 619 1867 652 tam

233 671 410 705 mulieres
426 671 711 713 supersticiosas
727 679 839 711 quam
856 668 1100 702 laudabiliter
1125 670 1293 702 viventes
1311 670 1442 703 eadem
1460 672 1653 705 sentencia
1668 672 1863 714 ferientes,

234 736 361 760 omnes
376 726 638 759 indifferenter
653 726 857 767 reprobant
870 726 907 757 et
922 724 1127 758 indiscreta
1140 725 1466 759 animadversione
1483 727 1770 769 condempnant.
1787 727 1865 761 Nos

233 783 351 824 igitur
374 782 529 824 indigne
560 781 726 813 ferentes
753 780 854 813 inter
877 779 1093 812 huiusmodi
1121 788 1300 821 personas
1329 780 1587 814 differenciam
1621 791 1695 815 non
1718 781 1864 823 haberi,

232 837 414 879 volentes,
432 839 472 870 ut
495 836 672 879 periculis
701 836 912 869 animarum
941 836 1095 868 auctore
1120 835 1198 868 Deo
1229 836 1352 868 aditus
1381 836 1611 877 obstruatur,
1641 837 1866 870 auctoritate

233 892 438 934 apostolica
465 891 700 924 decernimus
724 892 762 923 et
793 889 1040 929 declaramus,
1070 889 1250 923 mulieres
1279 890 1378 930 illaS,
1404 900 1477 932 que
1501 892 1684 925 virtutum
1712 892 1866 926 semitas

233 947 448 981 incedentes
471 947 547 980 vite
576 946 721 979 meritis
744 947 999 988 ungentorum
1032 945 1247 978 diffundunt
1273 954 1410 986 mores,
1447 955 1594 980 necnon
1630 948 1668 980 et
1698 946 1866 980 reclusas

232 1004 388 1046 probate
404 1004 479 1036 vite
497 1004 534 1036 et
550 1002 852 1037 conversacionis
867 1003 1075 1034 memorate
1095 1001 1380 1034 constitucionis
1397 1002 1588 1035 sentencia
1604 1011 1678 1035 non
1695 1002 1865 1045 contingi

233 1068 302 1092 nec
326 1059 406 1091 eius
423 1067 580 1091 censura
594 1058 731 1091 debere
749 1056 918 1099 percelli,
937 1065 1022 1089 cum
1039 1056 1256 1098 apostolicis
1282 1057 1356 1089 sint
1378 1057 1640 1099 prosequende
1655 1057 1862 1091 favoribus.

234 1113 470 1156 Quapropter
485 1113 654 1157 districte
670 1112 897 1151 inhibemus,
929 1120 976 1145 ne
1003 1112 1086 1153 quis
1104 1121 1168 1145 eas
1191 1112 1369 1154 pretextu
1394 1112 1680 1145 constitucionis
1696 1112 1864 1146 eiusdem

233 1169 389 1211 impetat
405 1168 686 1210 quomodolibet
703 1168 766 1202 aut
783 1167 971 1208 molestet,
997 1167 1063 1200 sed
1087 1176 1150 1200 eas
1177 1167 1331 1200 solitum
1351 1167 1500 1200 deferre
1523 1167 1694 1200 habitum
1709 1168 1748 1200 et
1768 1167 1866 1200 sicut

233 1225 338 1266 prius
354 1224 392 1256 in
410 1233 477 1257 sua
499 1223 774 1265 tranquillitate
801 1223 928 1256 vivere
960 1222 1138 1262 dimittat,
1163 1223 1205 1256 ut
1233 1223 1415 1255 virtutum
1446 1222 1618 1262 Domino,
1652 1222 1718 1264 qui
1743 1222 1864 1256 iustus

234 1279 346 1312 iudex
372 1280 505 1320 potens
530 1279 587 1311 est
611 1279 650 1311 in
677 1277 786 1311 illum
813 1277 914 1310 diem
949 1277 1243 1319 uniuscuiusque
1276 1286 1427 1310 servare
1450 1277 1674 1319 depositum,
1698 1286 1768 1320 per
1788 1278 1866 1311 vite

234 1334 462 1367 mundiciam
484 1333 690 1367 militantes
717 1334 935 1366 mereantur
962 1333 1140 1374 consequi
1165 1332 1359 1366 felicitatis
1382 1333 1512 1366 eterne
1540 1333 1740 1375 premium,
1766 1333 1866 1375 quod

234 1398 331 1421 nunc
347 1389 610 1422 inchoantibus
626 1388 913 1431 repromittitur,
931 1388 996 1421 sed
1010 1388 1336 1430 perseverantibus
1353 1388 1393 1420 in
1417 1389 1745 1422 consummacione
1759 1397 1865 1431 pres-

233 1444 346 1476 tatur.
362 1443 467 1477 Nulli
484 1453 575 1487 ergo
590 1443 785 1477 hominum
801 1456 830 1482 n,
850 1443 888 1476 et
901 1443 1039 1476 cetera.

276 1498 389 1532 Istius
421 1498 701 1541 extravagantis
727 1497 920 1531 ,Iohannes
949 1498 1099 1531 Andree
1128 1498 1248 1531 eciam
1278 1498 1371 1531 facit
1408 1498 1644 1532 mencionem
1667 1500 1735 1532 sub
1751 1499 1863 1533 titulo

235 1567 250 1584 a
266 1554 311 1587 de
328 1554 426 1587 statu
443 1553 712 1586 monachorum
732 1565 760 1585 ι.
786 1552 956 1585 Vidimus
969 1562 1075 1595 ergo,
1092 1552 1191 1594 quod
1207 1552 1312 1586 nulla
1327 1553 1413 1587 iura
1429 1562 1498 1587 nec
1523 1554 1606 1596 ipsa
1629 1553 1865 1589 clementina

234 1609 436 1651 prohibent
457 1609 697 1651 presbyteros
723 1609 760 1641 et
789 1607 946 1641 clericos
971 1617 1036 1641 seu
1060 1607 1190 1648 laicOS,
1216 1616 1285 1641 nec
1309 1608 1428 1641 eciam
1461 1609 1634 1649 feminas,
1659 1611 1863 1652 separatim

235 1667 361 1698 tamen
390 1673 496 1698 more
513 1663 716 1706 apostolico
746 1663 850 1696 nullo
867 1672 998 1696 errore
1014 1663 1226 1705 implicatos
1251 1663 1362 1697 simul
1387 1672 1468 1697 esse
1492 1665 1530 1698 et
1546 1665 1672 1698 vivere
1695 1665 1808 1707 atque
1823 1666 1864 1699 in

234 1729 308 1753 una
325 1721 434 1753 domo
457 1720 602 1762 pariter
627 1719 866 1759 commorari,
899 1728 984 1752 cum
1016 1719 1152 1752 natura
1167 1719 1214 1752 ad
1232 1718 1304 1752 hoc
1333 1718 1520 1761 inclinat3
1547 1720 1604 1753 est
1627 1720 1728 1753 enim
1750 1720 1862 1754 homo

234 1775 373 1808 animal
389 1774 528 1808 sociale
547 1775 586 1808 et
607 1773 815 1816 politicum.
846 1774 925 1807 Lex
949 1774 995 1806 ad
1021 1772 1093 1806 hoc
1120 1773 1306 1814 hortatur,
1336 1774 1425 1816 quia
1447 1774 1582 1808 melius
1606 1775 1664 1808 est
1685 1776 1758 1809 duo
1781 1785 1863 1810 esse

233 1830 357 1863 simul.
377 1830 530 1872 Religio
543 1829 750 1863 christiana
765 1828 842 1862 illis
859 1829 1039 1872 precipue
1055 1829 1280 1872 congaudet,
1300 1829 1388 1871 quia
1405 1838 1547 1870 omnes,
1565 1831 1629 1872 qui
1646 1831 1860 1874 credebant,

235 1886 343 1919 erant
359 1886 514 1928 pariter.

277 1941 431 1974 Utinam
453 1941 517 1973 isti
534 1940 790 1973 mendicantes
818 1940 857 1973 in
875 1940 1070 1982 proprium
1096 1949 1205 1973 suum
1225 1940 1398 1973 ordinem
1421 1940 1656 1983 respicerent
1678 1941 1716 1974 et
1737 1941 1864 1974 fratri-

233 1996 302 2028 bus
319 1997 395 2028 suis
411 1997 718 2038 pronunciarent,
736 2005 865 2029 omnes
884 1996 1026 2028 ordinis
1044 1996 1101 2028 sui
1117 1996 1391 2038 proprietarios
1408 1996 1447 2028 in
1464 1997 1563 2029 statu
1579 2005 1661 2029 esse
1678 1997 1863 2039 dampna-

233 2051 363 2091 cionis,
391 2053 429 2084 et
453 2061 527 2084 non
555 2052 798 2095 insurgerent
826 2052 957 2084 contra
995 2060 1083 2084 oves
1123 2051 1263 2085 Christi
1302 2050 1491 2093 simplices
1531 2051 1642 2084 simul
1679 2052 1861 2095 viventes,

232 2107 404 2139 manibus
420 2107 648 2148 laborantes,
667 2107 879 2140 castitatem
895 2107 1024 2139 mutuo
1041 2106 1307 2146 custodientes,
1327 2115 1349 2139 a
1365 2105 1482 2139 seculi
1507 2105 1652 2148 laqueis
1668 2107 1862 2140 abstinen-

233 2162 304 2203 tes,
321 2161 476 2203 prelatis
504 2163 580 2195 suis
613 2163 842 2204 obedienteS‚
873 2162 1043 2195 convivia
1068 2161 1337 2204 religiosorum
1362 2161 1441 2194 solo
1474 2162 1625 2196 nomine
1662 2162 1701 2195 et
1729 2162 1861 2196 habitu

233 2217 473 2260 detestantes,
492 2227 514 2251 a
536 2218 643 2261 vagis
660 2219 697 2251 et
720 2217 869 2251 lascivis
892 2218 1072 2250 fratribus
1097 2217 1269 2260 regulam
1296 2227 1371 2250 non
1399 2217 1634 2250 servantibus
1657 2217 1862 2260 fugientes,

233 2271 302 2304 soli
320 2271 531 2305 Conditoris
548 2270 735 2306 desiderio
760 2272 991 2313 inherentes,
1018 2281 1110 2314 quas
1139 2272 1313 2305 dominus
1346 2273 1447 2306 Deus
1472 2272 1512 2305 in
1538 2272 1616 2306 vita
1637 2272 1711 2306 ista
1733 2273 1862 2308 sancta

232 2328 417 2361 custodiat
439 2337 588 2371 semper
612 2328 652 2361 et
675 2328 866 2361 defendat.

578 2399 600 2433 J
605 2399 665 2432 oh.
685 2399 885 2439 BuschiuS‚
917 2397 1124 2433 chronicon
1147 2396 1485 2438 Windeshemense,
1515 2396 1585 2430 blz.
1610 2396 1755 2431 256-259
1778 2396 1860 2442 (uit-

624 2464 719 2498 gave
742 2464 814 2488 van
842 2454 979 2494 Grube,
1006 2453 1173 2496 1888).—
1191 2454 1286 2486 Hier
1302 2453 1441 2486 vinden
1471 2453 1531 2494 wij
1565 2451 1630 2485 het
1653 2453 1767 2496 begin
1793 2454 1863 2487 der

622 2509 960 2552 verdachtmaking
991 2517 1038 2542 en
1065 2508 1289 2551 vervolging
1313 2517 1385 2541 van
1409 2508 1456 2541 de
1485 2508 1767 2551 Broederschap
1795 2509 1861 2543 des

624 2574 832 2608 gemeenen
848 2564 976 2598 levens
1000 2564 1093 2597 door
1117 2564 1162 2597 de
1186 2562 1507 2596 bedelmonniken
1524 2571 1570 2596 en
1587 2563 1832 2605 inquisiteurs
1849 2575 1859 2606 ;

625 2621 671 2654 de
687 2620 780 2653 zaak
795 2619 899 2653 werd
920 2620 998 2652 met
1014 2628 1107 2652 eene
1131 2618 1225 2652 haar
1248 2617 1450 2651 volkomen
1466 2618 1642 2661 gunstige
1658 2618 1861 2662 beslissing

623 2685 670 2717 op
686 2675 752 2708 het
767 2675 974 2718 Algemeen
999 2673 1165 2708 Concilie
1192 2683 1263 2706 van
1288 2674 1470 2707 Constanz
1488 2673 1527 2705 in
1545 2673 1620 2706 Mei
1638 2672 1723 2705 1419
1739 2673 1858 2707 beslo-

623 2732 701 2764 ten.
718 2731 794 2773 (Zie
812 2730 947 2763 verder
963 2739 1052 2763 onze
1068 2729 1231 2763 stukken
1249 2734 1300 2762 nrs
1321 2727 1474 2763 106-107.
1497 2733 1549 2761 nrss
1560 2728 1721 2769 109-114,
1738 2735 1778 2761 nr
1795 2728 1858 2762 119

624 2796 670 2820 en
688 2792 740 2820 nrs
758 2785 933 2828 132-137.)
