2050 3470
877 256 1015 290 ANNO
1044 256 1126 289 1336
1780 255 1824 289 93

183 367 534 411 waakzaamheid
567 380 672 411 over
703 368 812 411 haar
834 367 898 411 uit
920 371 964 410 te
987 366 1184 410 oefenen.
1210 367 1414 422 Degenen
1437 366 1574 410 onder
1595 366 1719 418 haar,
1747 365 1814 409 die

177 435 259 480 den
284 436 595 493 kerkvoogden
619 451 674 480 en
706 436 1110 494 parochiepastoors
1143 436 1491 492 ongehoorzaam
1515 435 1680 478 zouden
1704 448 1816 478 wor-

175 505 258 549 den
282 520 337 550 en
355 506 593 549 verdachte
616 506 882 549 leerstelsels
904 506 1067 549 zouden
1098 505 1379 561 aanhangen,
1415 508 1586 548 moeten
1612 507 1701 548 met
1733 504 1816 547 den

175 577 358 631 grooten
383 574 582 618 kerkban
606 575 794 632 gestraft
817 589 870 618 en
905 575 946 618 in
971 575 1024 617 de
1047 573 1416 630 onmogelijkheid
1440 573 1607 630 gesteld
1634 573 1816 616 worden

174 657 242 686 orn
259 644 312 687 de
334 644 526 700 gezonde
545 645 734 701 schapen
754 654 796 687 te
815 644 1075 687 besmetten.

462 752 681 788 Constitucz'o
698 757 956 796 eoetravayant.
976 751 1169 786 Benedicti
1184 753 1241 794 ατί]
1257 751 1302 785 de
1320 751 1509 795 Beyhinis.

218 816 339 850 Recta
362 818 460 850 ratio
478 827 551 850 non
569 818 724 859 patitur,
744 819 784 850 ut
801 818 1021 850 innocentes
1039 817 1085 850 ad
1102 817 1210 858 paria
1225 825 1310 849 cum
1339 816 1560 848 nocentibus
1583 815 1811 857 judicentur.

174 871 270 905 Sane
284 871 406 905 felicis
423 872 696 905 recordationis
711 872 882 905 Clemens
913 881 1010 914 papa
1034 872 1187 913 quintus
1220 871 1464 913 predecessor
1495 872 1636 909 noster,
1667 880 1753 903 cum
1770 871 1816 903 de

173 926 408 967 mulieribus,
424 936 496 969 que
515 927 681 960 Bechine
710 927 921 970 vulgariter
949 929 1226 968 nuncupantur,
1252 925 1371 959 multa
1402 926 1581 965 audisset,
1601 927 1815 967 presertim,

170 982 270 1023 quod
287 991 417 1015 earum
436 982 560 1024 alique
587 983 632 1015 de
649 992 796 1015 summa
820 981 992 1015 trinitate
1021 984 1059 1015 et
1076 982 1206 1014 diuina
1231 982 1396 1015 essentia
1411 981 1605 1023 disputare
1626 989 1669 1013 ac
1697 982 1816 1014 eciam

169 1037 366 1079 predicare
382 1040 514 1070 contra
530 1037 711 1071 articulos
739 1047 893 1079 quoque
917 1038 1004 1069 fidei
1026 1039 1063 1070 et
1091 1037 1351 1070 ecclesiastica
1367 1037 1603 1069 sacramenta
1619 1037 1816 1078 opiniones

169 1092 293 1125 eidem
325 1093 412 1125 fidei
441 1094 651 1126 contrarias
685 1095 721 1125 et
753 1093 829 1126 alia
861 1092 981 1125 multa
1013 1092 1185 1134 pericula
1216 1093 1427 1125 animarum
1466 1092 1661 1133 pariencia
1691 1092 1816 1124 facere

169 1147 237 1180 sub
251 1147 413 1189 quodam
430 1149 555 1181 fucato
570 1148 783 1181 sanctitatis
803 1147 991 1181 velamine
1010 1148 1291 1189 presumebant,
1306 1156 1351 1180 ex
1365 1147 1502 1188 quibus
1519 1155 1664 1179 necnon
1683 1149 1720 1180 et
1734 1147 1817 1188 alijs

170 1211 213 1236 ac
237 1203 284 1236 de
301 1211 432 1236 earum
450 1203 715 1237 inobediencia
730 1204 853 1245 quoad
871 1212 1002 1236 earum
1019 1202 1186 1244 prelatos
1201 1203 1246 1235 de
1264 1203 1374 1235 dictis
1398 1201 1621 1234 mulieribus
1638 1201 1815 1242 frequen-

169 1259 228 1291 ter
245 1258 396 1298 auditis,
409 1258 550 1292 habens
568 1267 631 1291 eas
652 1268 727 1292 non
748 1259 905 1301 indigna
929 1258 1076 1291 ratione
1089 1259 1282 1300 suspectas
1299 1259 1437 1290 statum
1455 1266 1584 1290 earum
1613 1255 1814 1298 prohiben-

167 1312 257 1345 dum
270 1312 378 1346 duxit
393 1315 577 1356 perpetuo
593 1316 630 1347 et
649 1315 693 1347 ab
715 1313 878 1347 ecclesia
896 1314 966 1346 Dei
984 1313 1133 1355 penitus
1151 1312 1389 1352 abolendum,
1409 1313 1446 1345 in
1465 1312 1563 1351 illas,
1582 1320 1653 1353 que
1679 1312 1816 1344 statum

167 1366 382 1402 huiusmodi
397 1369 475 1410 jam
493 1371 728 1411 assumptum
750 1370 988 1402 sectarentur
1006 1369 1167 1402 ulterius
1183 1369 1247 1401 aut
1261 1377 1333 1410 que
1350 1368 1395 1400 de
1413 1377 1511 1400 nouo
1529 1367 1699 1400 habitum
1713 1375 1815 1399 assu-

165 1425 323 1463 merent,
339 1425 751 1457 excommunicacionis
769 1425 999 1457 sentenciam
1017 1423 1307 1467 promulgando.

208 1478 362 1520 Verum,
388 1480 477 1521 quia
503 1480 541 1512 in
573 1479 702 1512 multis
727 1480 856 1512 mundi
891 1480 1065 1522 partibus
1107 1481 1195 1512 sunt
1233 1478 1396 1520 plurime
1421 1478 1600 1511 mulieres
1638 1475 1816 1509 similiter

163 1534 336 1577 Beghine
353 1534 466 1578 vulge
477 1537 623 1576 vocate,
642 1544 803 1577 quarum
819 1534 945 1577 alique
959 1535 997 1567 in
1014 1535 1193 1577 propriis,
1212 1534 1338 1575 alique
1355 1534 1393 1566 in
1408 1534 1615 1572 conductis,
1630 1531 1756 1573 alique
1771 1531 1809 1566 tn

163 1588 425 1620 communibus
442 1588 514 1620 sibi
527 1588 700 1620 domibus
718 1587 931 1620 habitantes
948 1588 1064 1621 vitam
1082 1588 1223 1620 ducunt>
1240 1586 1449 1626 honestam,
1467 1586 1604 1618 deuote
1629 1583 1808 1618 ecclesias

164 1643 438 1684 frequentando
464 1643 675 1676 diocesanis
692 1642 863 1676 locorum
880 1646 916 1675 et
934 1642 1231 1684 parrochialium
1255 1651 1408 1675 suarum
1426 1640 1673 1674 ecelesiarum
1686 1640 1807 1672 recto-

163 1698 280 1738 ribus,
299 1699 367 1731 sub
396 1698 531 1739 quibus
564 1699 720 1741 degunt,
755 1699 978 1731 reuerenter
1005 1698 1197 1735 obediunt,
1225 1696 1484 1730 curiositatem
1509 1695 1725 1737 disputandi
1747 1694 1805 1727 vel

161 1754 426 1786 auctoritatem
458 1762 524 1786 seu
557 1754 682 1796 potius
711 1755 970 1788 temeritatem
1001 1753 1221 1796 predicandi
1247 1752 1351 1786 nullo
1380 1753 1490 1785 modo
1520 1752 1590 1784 sibi
1623 1753 1808 1792 usurpant

160 1807 219 1842 vel
245 1817 284 1842 se
312 1812 376 1842 aut
405 1808 500 1842 alios
531 1809 720 1851 quoslibet
753 1810 792 1842 in
820 1810 1014 1852 premissis
1041 1809 1282 1851 opinionibus
1307 1808 1573 1849 erroribusque
1605 1805 1808 1839 inuoluunt

159 1872 228 1897 nec
245 1863 324 1897 ulla
341 1873 456 1906 super
488 1863 559 1897 hoc
584 1866 640 1897 est
657 1866 723 1898 aut
739 1865 811 1897 fuit
834 1865 997 1907 suspicio
1030 1865 1162 1897 contra
1186 1873 1271 1905 eas3
1296 1872 1342 1896 ne
1367 1863 1459 1905 ipsis
1477 1861 1612 1895 similis
1647 1869 1808 1894 censura

157 1919 406 1961 constringat,
439 1928 485 1953 ne
514 1919 643 1952 multis
672 1929 814 1960 earum,
849 1929 921 1961 que
952 1921 1174 1962 perpetuam
1205 1920 1305 1952 forte
1337 1918 1499 1951 Domino
1527 1916 1805 1950 continenciam

158 1974 410 2015 deuouerunt,
425 1975 573 2008 occasio
590 1975 796 2017 prebeatur
812 1975 858 2008 ad
875 1975 1022 2017 lapsum
1039 1976 1076 2007 et
1099 1976 1141 2007 ut
1158 1974 1350 2017 periculis,
1365 1973 1537 2015 dampnis
1557 1974 1595 2005 et
1618 1971 1806 2005 scandalis

156 2029 343 2071 plurimis,
361 2038 434 2072 que
452 2030 612 2073 proinde
628 2030 892 2064 verisimiliter
910 2031 1172 2072 sequerentur,
1198 2030 1417 2072 prouisione
1441 2028 1638 2061 moderata
1669 2027 1805 2069 proui-

157 2085 316 2127 deatur3

200 2140 274 2173 Nos
302 2139 494 2182 Beghinas
519 2139 735 2173 huiusmodi
765 2149 839 2173 non
863 2139 1086 2182 culpabiles,
1106 2141 1147 2172 ut
1163 2139 1411 2182 premittitur,
1439 2147 1508 2171 nec
1525 2137 1717 2179 suspectas
1736 2135 1804 2168 sub

155 2194 412 2237 prohibitione
429 2198 467 2228 et
493 2195 700 2229 abolitione
721 2195 994 2237 premissorum
1019 2195 1064 2227 de
1097 2196 1259 2227 fratrum
1284 2195 1500 2227 nostrorum
1518 2191 1676 2225 consilio
1701 2190 1804 2223 volu-

156 2259 238 2283 mus
263 2260 338 2283 non
366 2249 521 2291 includi,
547 2250 717 2284 locorum
751 2250 1023 2283 nichilominus
1055 2250 1258 2291 ordinarijs
1287 2250 1542 2292 iniungentes,
1576 2249 1618 2280 ut
1645 2255 1708 2280 eas
1736 2247 1804 2278 sub

154 2307 326 2348 pretextu
354 2305 622 2347 prohibitionis
671 2307 708 2339 61
736 2305 954 2339 abolitionis
981 2305 1211 2345 huiusmodi,
1244 2314 1438 2346 quousque
1471 2304 1517 2337 de
1542 2304 1640 2336 statu
1675 2311 1804 2335 earum

154 2361 272 2394 fuerit
288 2360 400 2394 aliter
417 2370 486 2404 per
517 2362 647 2395 sedem
678 2361 925 2404 apostolicam
952 2362 1161 2404 prouisum,
1195 2361 1413 2394 nullatenus
1431 2360 1626 2394 molestari
1651 2359 1804 2401 permit-

154 2417 247 2449 tant.
281 2416 329 2449 Et
346 2417 377 2449 si
404 2417 494 2458 quid
524 2418 652 2450 forsan
682 2426 728 2451 ex
748 2417 819 2450 1106
843 2418 882 2450 111
899 2418 1083 2459 personis,
1102 2418 1141 2450 in
1160 2417 1267 2449 bonis
1292 2418 1356 2449 aut
1381 2417 1529 2457 juribus
1546 2416 1623 2448 suis
1651 2415 1802 2456 quibus-

154 2480 314 2514 cumque
330 2473 462 2505 contra
493 2481 556 2505 eas
582 2474 845 2515 attemptatum
871 2473 920 2505 sit
946 2472 1128 2506 hactenus
1152 2472 1211 2505 vel
1229 2473 1492 2514 attemptatum
1516 2470 1747 2513 contingerit
1765 2470 1802 2501 in

153 2527 336 2568 futurum,
356 2527 426 2560 hoc
442 2536 511 2570 per
527 2527 717 2570 predictos
734 2528 948 2561 ordinarios
975 2528 1202 2561 auctoritate
1222 2528 1351 2560 nostra
1368 2527 1414 2560 ad
1440 2528 1577 2559 statum
1600 2525 1802 2568 pristinum

154 2581 325 2615 volumus
339 2583 481 2622 reduci,
496 2583 611 2616 etiam
630 2584 775 2623 vocato,
793 2583 824 2616 si
839 2591 993 2617 necesse
1010 2583 1140 2623 fuerit,
1159 2582 1313 2615 brachio
1332 2581 1508 2615 seculari.

198 2637 275 2671 Per
305 2637 376 2671 1106
407 2639 532 2672 tamen
557 2640 697 2671 statum
731 2638 990 2682 Begliinarum
1018 2637 1234 2671 nullatenus
1263 2646 1310 2670 cx
1343 2637 1538 2679 premissis
1571 2637 1802 2669 intendimus

153 2692 574 2735 approbare310corum
602 2695 730 2726 autem
759 2693 972 2726 ordinarios
990 2693 1027 2725 et
1052 2692 1160 2732 alios,
1180 2693 1226 2725 ad
1252 2702 1344 2733 quos
1362 2692 1533 2734 predicta
1564 2692 1799 2733 spectabunt,

153 2757 282 2781 curam
298 2748 526 2791 peruigilem
551 2750 589 2781 61
617 2747 922 2781 sollicitudinem
949 2749 1115 2782 debitam
1139 2748 1369 2790 precipimus
1394 2747 1587 2786 adhibere,
1618 2749 1659 2779 ut
1683 2746 1802 2779 dictas

153 2802 331 2836 mulieres
345 2805 522 2837 moneant
538 2804 606 2837 sub
621 2813 720 2846 pena
736 2804 1161 2843 excommunicacionis,
1177 2811 1289 2844 quam
1307 2803 1387 2844 ipso
1405 2804 1504 2835 facto
1522 2811 1585 2835 eos
1603 2802 1799 2835 incurrere

152 2857 336 2899 volumus,
367 2859 398 2891 si
428 2860 560 2892 contra
584 2859 757 2899 fecerint,
792 2860 924 2901 eisque
950 2859 1121 2892 districte
1151 2859 1219 2891 sub
1237 2858 1370 2892 eadem
1398 2866 1496 2900 pena
1512 2857 1737 2899 precipiant,
1758 2859 1799 2890 ut

151 2913 243 2955 ipsis
256 2914 457 2956 ordinarijs
471 2915 509 2947 et
521 2923 652 2947 earum
666 2913 965 2956 parrochialium
986 2913 1234 2947 ecclesiarum
1253 2913 1468 2946 rectoribus
1481 2914 1705 2946 reuerenter
1718 2913 1801 2945 obe-

153 2969 259 3003 diant
282 2972 319 3004 et
336 2979 383 3004 ne
406 2970 615 3013 primarum
639 2971 840 3012 sequentes
858 2970 896 3003 in
922 2971 984 3003 via
1016 2970 1054 3004 et
1070 2970 1238 3012 ipsarum
1263 2970 1369 3002 actus
1381 2969 1603 3003 temerarios
1617 2968 1799 3002 imitando
