2050 3470
845 229 982 265 ANNO
1008 229 1092 263 1312
1740 229 1780 262 71

151 343 392 400 afgeschaft
416 356 469 386 en
492 343 640 386 hunne
670 340 886 399 goederen
922 340 1040 384 heeft
1073 341 1298 396 afgestaan
1333 355 1417 384 aan
1441 341 1492 384 de
1523 341 1782 385 St-Jansrid-

151 414 251 456 ders
290 426 374 455 van
412 413 672 455 Jerusalem.
720 411 788 468 Hij
829 410 1034 452 verzoekt
1072 410 1155 452 den
1190 410 1320 465 graaf
1358 411 1497 467 zijnen
1531 410 1718 467 bijstand
1740 414 1783 454 te

151 483 381 525 verleenen
402 484 467 523 tot
484 481 731 534 uitvoering
753 480 845 522 dier
867 478 1095 535 beslissing
1117 479 1158 521 in
1182 479 1294 536 zijue
1322 484 1482 523 staten.

195 575 366 609 Clemens
391 574 599 615 episcopus,
619 583 747 607 servus
766 582 959 606 servorum
979 572 1059 613 Dei,
1079 573 1206 606 nostro
1233 572 1311 605 filio
1336 572 1453 605 nobili
1471 573 1551 606 viro
1571 571 1783 618 [Roberto],

150 631 279 664 comiti
304 629 605 668 Flandrensium‚
630 629 789 661 salutem
816 630 852 662 et
878 628 1122 670 apostolicam
1140 628 1454 661 benedictionem.

194 684 324 726 Nuper
340 684 379 716 in
397 682 568 727 generali
586 683 745 716 concilio
760 692 828 724 per
852 692 918 715 nos
942 683 1098 721 Vienne,
1127 683 1349 724 disponente
1379 682 1552 721 Domino.
1579 682 1782 725 celebrato,

149 741 234 782 post
251 739 403 782 longam
429 738 740 772 deliberationem
765 737 1000 780 prehabitam
1025 740 1062 770 et
1091 738 1288 777 maturam,
1308 737 1575 780 acceptabilius
1599 739 1680 771 fore
1705 747 1782 772 cre-

150 796 293 836 dentes,
311 794 506 828 Altissimo
524 794 644 836 magis
662 792 896 832 honorabile,
910 793 997 825 fidei
1024 792 1231 826 orthodoxe
1255 793 1462 826 cultoribus
1486 802 1529 826 ac
1546 793 1784 827 subventioni

148 851 267 884 Terre
295 850 428 884 Sancte
454 849 584 882 utilius
610 849 881 888 existimantes,
907 849 1005 881 bona
1029 849 1215 889 quondam
1241 849 1371 881 domus
1404 849 1442 881 et
1478 848 1621 880 ordinis
1646 848 1784 882 Militie

149 904 297 947 Templi
330 904 454 937 ordini
491 902 698 944 Hospitalis
734 903 852 934 sancti
879 902 1064 935 Johannis
1095 902 1394 935 Jerosolimitani
1423 903 1642 943 concedere,
1672 913 1784 945 quam

149 961 273 993 ordini
299 960 346 993 de
373 969 467 992 novo
492 959 668 999 creando,
692 958 800 991 unire
825 959 888 990 aut
915 958 1029 990 etiam
1057 957 1248 999 applicare
1272 958 1471 991 consilium
1499 958 1785 992 deliberationis

149 1015 276 1048 nostre
304 1013 479 1056 providit.
507 1012 579 1045 Sed
603 1012 691 1053 quia
708 1013 808 1051 tunc,
828 1011 1017 1052 aliquibus
1043 1012 1297 1044 asserentibus
1322 1011 1452 1045 utilius
1478 1014 1560 1046 fore
1586 1014 1683 1047 bona
1704 1014 1786 1056 ipsa

148 1070 271 1103 ordini
290 1069 437 1102 noviter
453 1068 615 1101 creando
640 1068 825 1107 conferre,
845 1077 956 1108 quam
982 1068 1072 1100 dicti
1093 1068 1300 1110 Hospitalis
1325 1069 1448 1102 ordini
1467 1069 1671 1112 applicare,
1695 1072 1785 1104 tunc

147 1126 276 1158 noster
300 1124 455 1157 affectus
478 1125 669 1165 speratum
687 1123 861 1155 effectum
878 1132 992 1164 super
1016 1123 1087 1155 1100
1111 1123 1283 1156 obtinere
1302 1124 1483 1165 nequivit.
1503 1125 1670 1158 Tandem
1694 1135 1784 1159 vero

148 1182 202 1214 sic
218 1190 286 1223 per
302 1181 373 1214 Dei
390 1180 552 1223 gratiam
577 1181 701 1212 actum
724 1180 806 1212 fore
823 1179 1044 1218 dinoscitur,
1061 1180 1308 1221 quodcunque
1330 1190 1416 1213 non.
1442 1181 1628 1223 presentis
1645 1182 1784 1215 mensis

149 1237 252 1276 Maii,
272 1236 403 1269 eodem
427 1244 533 1268 sacro
559 1234 790 1276 approbante
814 1233 987 1273 concilio,
1004 1234 1193 1275 Hospitali
1212 1244 1276 1267 seu
1294 1235 1411 1277 ipsius
1429 1236 1636 1278 Hospitalis
1661 1237 1785 1270 ordini

150 1291 375 1334 supradictis
393 1291 540 1332 prefata
556 1290 654 1322 bona
669 1288 908 1322 concedenda
926 1289 963 1321 et
983 1288 1206 1330 applicanda
1222 1290 1396 1323 duximus
1413 1300 1456 1324 ac
1481 1292 1594 1324 etiam
1605 1292 1784 1333 unienda,

148 1347 257 1379 bonis
286 1345 454 1379 eiusdem
483 1344 626 1377 ordinis
655 1343 791 1377 Militie
822 1343 983 1385 Templi,
1009 1344 1047 1376 in
1075 1345 1204 1387 regnis
1228 1346 1266 1377 et
1293 1346 1405 1378 terris
1434 1347 1715 1380 carissimorum
1745 1347 1784 1381 in

149 1400 297 1434 Christo
315 1400 479 1433 filiorum
497 1400 711 1432 nostrorum
738 1398 931 1438 ..Castelli,
959 1399 1217 1441 ..Aragonum,
1237 1400 1488 1444 ..Portugalie
1506 1402 1543 1435 et
1560 1402 1786 1436 ..Maiorica·

148 1466 233 1490 rum
272 1464 406 1499 regum
444 1455 651 1488 illustrium
689 1455 797 1487 extra
840 1462 1001 1497 regnum
1050 1455 1209 1488 Francie
1248 1457 1551 1497 consistentibus,
1592 1457 1787 1492 dumtaxat

147 1512 327 1554 exceptiS,
347 1520 419 1553 que
437 1511 481 1544 ab
496 1511 648 1550 unione,
667 1510 908 1543 concessione
922 1510 959 1543 et
972 1509 1224 1552 applicatione
1241 1511 1455 1545 huiusmodi
1473 1521 1519 1545 ex
1536 1513 1649 1546 certis
1662 1513 1785 1547 causis

147 1567 369 1609 excipienda
397 1566 571 1599 duximus
599 1566 637 1599 et
665 1566 780 1599 etiam
806 1565 1051 1605 excludenda,
1082 1567 1164 1608 ipsa
1199 1567 1434 1609 dispositioni
1465 1569 1592 1601 nostre
1620 1568 1658 1602 et
1685 1569 1784 1603 sedis

149 1620 355 1664 apostolice
387 1621 603 1664 specialiter
635 1622 885 1661 reservanteS,
915 1630 1108 1663 quousque
1140 1622 1185 1655 de
1222 1622 1299 1655 illis
1335 1623 1447 1656 aliter
1481 1624 1650 1666 predicte
1681 1625 1784 1658 terre

147 1677 313 1710 subsidio
339 1686 407 1720 per
424 1677 589 1710 nostram
615 1677 653 1709 et
671 1677 770 1710 dicte
787 1676 886 1709 sedis
907 1677 1183 1718 providentiam
1209 1678 1379 1711 extiterit
1402 1679 1628 1712 ordinatum.

191 1732 315 1771 Quare
355 1732 592 1766 nobilitatem
630 1733 734 1765 tuam
769 1740 947 1775 rogamus
984 1732 1022 1764 et
1055 1732 1253 1765 hortamur
1283 1734 1475 1774 attentius,
1509 1735 1684 1776 quatinus
1715 1745 1783 1778 pro

147 1788 361 1821 reverentia
387 1787 603 1827 Salvatoris,
634 1787 740 1820 cuius
767 1787 806 1819 in
838 1786 909 1820 hac
936 1788 1043 1830 parte
1074 1789 1269 1830 negotium
1301 1798 1576 1831 promovemus,
1610 1799 1654 1823 ac
1685 1790 1784 1824 dicte

147 1843 246 1876 sedis
270 1844 308 1876 et
331 1844 472 1883 nostra,
506 1843 689 1886 magistro
711 1843 748 1876 et
771 1843 954 1875 fratribus
981 1852 1047 1877 seu
1064 1844 1256 1886 prioribus
1273 1845 1311 1878 et
1334 1845 1620 1887 preceptoribus
1649 1845 1783 1888 Hospi-

144 1898 232 1932 talis
249 1898 417 1932 eiusdem
434 1898 473 1931 in
496 1898 610 1931 terris
631 1898 706 1930 tuis
731 1898 945 1931 constitutis
962 1900 1000 1932 et
1027 1907 1159 1932 eorum
1188 1899 1349 1942 singulis
1374 1909 1439 1933 seu
1463 1901 1700 1942 procuratori
1724 1901 1783 1936 vel

145 1954 453 1996 procuratoribus
477 1954 708 1994 eorumdem,
735 1953 833 1995 quod
855 1954 1025 1995 predicta
1048 1955 1146 1988 bona
1170 1955 1209 1987 in
1232 1955 1374 1988 eisdem
1401 1956 1515 1989 terris
1540 1956 1785 1990 consistentia

144 2010 252 2052 juxta
263 2009 432 2052 predicte
450 2010 578 2042 nostre
595 2009 848 2042 concessionis
865 2009 1037 2042 tenorem
1061 2010 1211 2053 integre
1237 2011 1274 2043 et
1297 2011 1453 2053 pacifice
1471 2011 1618 2053 assequi
1635 2011 1785 2046 valeant

148 2066 187 2099 et
212 2064 353 2098 habere
382 2065 437 2098 tui
454 2064 594 2098 favoris
622 2064 817 2107 impendas
842 2065 1038 2106 auxilium,
1064 2067 1177 2107 prout
1205 2067 1377 2099 extiterit
1399 2067 1640 2109 oportunum.
1658 2067 1707 2100 Et
1729 2069 1783 2102 eis

147 2121 249 2154 01103
264 2120 565 2160 nanciscendam,
582 2119 795 2154 habendam
811 2121 849 2153 et
863 2121 1101 2154 retinendam
1125 2122 1401 2164 possessionem
1418 2122 1602 2155 bonorum
1615 2122 1783 2165 ipsorum

147 2185 190 2210 ae
207 2175 300 2209 alias
328 2177 593 2209 executoribus
619 2185 732 2218 super
755 2176 978 2210 executione
999 2176 1212 2210 huiusmodi
1240 2177 1491 2211 concessionis
1515 2179 1642 2211 nostre
1669 2179 1782 2222 depu-

147 2232 236 2265 tatis
252 2232 290 2264 et
306 2231 551 2274 imposterum
575 2231 799 2273 deputandis
823 2241 938 2274 super
954 2232 1085 2266 eadem
1111 2233 1332 2266 executione
1357 2233 1509 2266 assistas
1525 2233 1730 2268 efficaciter
1746 2236 1785 2269 et

148 2289 350 2322 ferventer.
370 2288 430 2321 Sic
458 2288 576 2331 igitur
604 2287 643 2320 in
668 2287 862 2330 premissis
875 2288 912 2321 te
925 2296 1129 2330 properum
1141 2288 1187 2332 (1)
1212 2289 1250 2322 et
1274 2290 1447 2331 paratum
1475 2287 1667 2329 exhibeas,
1685 2290 1784 2332 quod

146 2344 274 2387 preter
291 2343 554 2377 retributionis
573 2344 703 2376 eterne
719 2343 918 2385 premium,
938 2343 1037 2385 quod
1053 2343 1141 2377 inde
1158 2343 1365 2377 mereberis
1381 2342 1463 2382 tibi,
1482 2341 1604 2375 laudis
1620 2342 1784 2377 humane

146 2397 306 2431 annulus
335 2398 532 2440 augeatur,
551 2406 694 2439 nosque
719 2398 957 2432 nobilitatem
974 2400 1078 2433 tuam
1103 2399 1228 2442 dignis
1253 2397 1515 2431 commendare
1542 2397 1717 2432 laudibus
1744 2400 1783 2432 in

148 2453 308 2487 Domino
324 2452 526 2486 valeamus.

190 2509 327 2543 Datum
353 2508 545 2551 Liberoni‚
571 2507 851 2543 Valentinensis
876 2510 1050 2551 diocesis,
1068 2509 1175 2545 XVII
1192 2510 1244 2544 kl.
1262 2509 1380 2551 Junii‚
1398 2509 1639 2552 pontificatus
1663 2508 1784 2543 nostri

145 2573 242 2598 anno
260 2564 433 2607 septimo.

494 2642 714 2686 Origineele
742 2643 806 2677 bul
836 2654 882 2687 op
910 2644 1136 2688 perkament
1160 2646 1238 2680 met
1265 2645 1480 2688 afhangend
1505 2644 1640 2679 looden
1665 2644 1784 2689 zegel,

538 2708 584 2741 op
611 2697 677 2732 het
705 2699 945 2734 Provinciaal
971 2700 1245 2734 Staatsarchief
1268 2702 1306 2734 te
1333 2701 1442 2741 Gent,
1461 2700 1585 2734 Fonds
1603 2709 1612 2733 ε
1633 2699 1784 2734 Chartes

539 2752 604 2788 des
635 2753 775 2788 Comtes
799 2754 845 2789 de
868 2755 1051 2797 Flandre,
1070 2763 1108 2789 nr
1126 2756 1222 2789 1245.
1241 2756 1311 2799 (Op
1329 2757 1400 2790 den
1418 2765 1491 2799 rug
1508 2755 1576 2789 der
1598 2755 1662 2789 bul
1687 2756 1787 2789 staat

541 2810 579 2842 in
599 2809 786 2853 geschrift
801 2821 872 2845 van
885 2812 957 2846 den
975 2812 1043 2853 tijd
1068 2812 1106 2845 te
1124 2811 1227 2846 lezen
1243 2822 1250 2844 :
1277 2811 1500 2856 Transports
1514 2809 1578 2845 des
1594 2810 1695 2845 biens
1708 2810 1785 2845 dou

193 2954 239 2996 (1)
262 2954 336 2989 Het
352 2954 437 2988 stuk
455 2954 558 2989 heeft
567 2963 766 2999 propo-um.
