2050 3470
286 324 328 356 84
975 324 1112 359 ANNO
1138 324 1222 358 1324

327 432 417 464 Cum
434 431 479 465 de
504 431 735 472 mulieribus,
754 441 826 474 que
845 431 1014 475 Beghine
1045 432 1256 476 vulgariter
1288 435 1325 467 et
1353 435 1602 468 communiter
1629 435 1905 477 nuncupantur,

283 490 352 520 etc.
372 487 429 528 (l).

324 541 489 579 Quarum
507 542 819 583 antescriptarum
836 544 1009 584 pretextu
1038 542 1235 576 literarum
1251 543 1351 577 facta
1369 544 1641 578 informacione
1657 543 1829 587 diligentj
1859 543 1905 577 de

280 597 356 628 vita
369 598 405 628 et
422 596 588 628 moribus
612 596 823 637 mulierum,
843 606 914 638 que
938 597 1111 640 Beghine
1138 597 1347 641 vulgariter
1374 600 1648 641 nuncupantur,
1674 600 1712 632 in
1737 600 1842 632 curte
1858 598 1904 631 de

279 650 396 683 Vinea
408 650 513 683 iuxta
525 650 653 684 villam
670 651 954 685 Bruxellensem
971 652 1070 685 dicte
1087 653 1214 685 nostre
1232 653 1402 695 dyocesis
1427 654 1743 687 commorancium
1759 661 1903 687 necnon

278 705 323 737 de
341 706 512 737 omnibus
529 708 564 738 et
581 705 741 748 singulis
757 707 795 738 in
821 707 919 739 dicto
937 707 1120 748 rescripto
1152 707 1357 749 apostolico
1387 708 1573 742 contentis
1597 717 1665 750 per
1681 707 1903 751 religiosum

277 759 396 791 virum
425 761 598 793 abbatem
626 762 840 802 monasterij
867 761 987 794 sancti
1014 762 1196 803 Bernardj
1224 762 1477 796 cisterciensis
1501 763 1643 796 ordinis
1671 772 1714 796 ac
1744 762 1902 796 dilectos

277 816 422 847 nostros
436 815 617 847 decanum
636 816 742 849 beate
757 815 901 849 Gudule
921 816 1177 850 Bruxellensis
1194 818 1231 850 et
1248 817 1441 850 dominum
1467 817 1490 850 J
1494 817 1680 851 ohannem
1696 817 1742 850 de
1757 817 1900 859 Alosto,

275 868 510 910 capellanum
528 871 708 910 nostrum,
729 872 899 903 curatum
917 869 1077 904 ecclesie
1094 871 1140 904 de
1162 870 1351 912 Morselle‚
1370 871 1538 913 predicte
1563 873 1690 906 nostre
1716 871 1899 914 dyocesis,

274 924 408 964 quibus
445 927 623 965 quantum
646 925 691 957 ad
721 925 792 957 hoc
826 927 864 957 et
888 925 963 958 alia
986 926 1229 969 infrascripta
1260 926 1516 959 commisimus
1546 927 1646 960 vices
1670 928 1838 969 nostras;
1863 928 1901 960 et

273 979 361 1018 quia
377 988 444 1020 per
457 979 766 1012 informacionem
780 980 994 1013 huiusmodi
1012 981 1083 1013 rite
1098 982 1235 1013 factam
1248 981 1478 1022 jnuenerint,
1496 982 1594 1022 quod
1607 981 1705 1015 dicte
1721 981 1900 1015 mulieres

271 1033 308 1064 in
326 1034 494 1074 predicto
524 1034 605 1066 loco
623 1038 900 1068 commorantes
929 1035 1085 1068 honeste
1101 1037 1139 1068 et
1163 1035 1406 1069 laudabiliter
1422 1037 1596 1069 vixerunt
1620 1038 1731 1078 atque
1753 1037 1897 1076 viuunt‚

270 1087 403 1120 deuote
418 1090 658 1129 frequentant
673 1088 775 1122 eccle
783 1090 869 1128 sias,
885 1088 1040 1131 prelatis
1058 1091 1133 1122 suis
1151 1092 1374 1123 reuerenter
1391 1090 1582 1130 obediunt,
1600 1092 1637 1123 et
1654 1091 1752 1132 quod
1768 1099 1808 1124 se
1825 1091 1898 1123 dis-

270 1143 531 1183 putacionibus
559 1146 596 1176 ct
622 1144 948 1186 predicacionibus
976 1145 1022 1178 de
1051 1153 1195 1178 summa
1220 1145 1390 1178 trinitate
1419 1146 1456 1178 et
1479 1145 1608 1178 diuina
1631 1144 1799 1178 essencia
1822 1154 1896 1178 non

268 1197 513 1237 jnuoluerunt
531 1207 598 1231 nec
613 1198 815 1240 jnuoluunt
839 1208 907 1232 nec
931 1199 1112 1233 hactenus
1140 1201 1460 1242 presumpserunt,
1481 1200 1579 1241 quod
1604 1199 1710 1233 nulla
1731 1208 1896 1241 unquam

268 1260 380 1293 super
404 1252 475 1292 hijs
503 1254 574 1285 fuit
597 1253 655 1286 vel
681 1255 736 1287 est
767 1255 929 1296 suspicio
954 1256 1018 1287 aut
1044 1255 1200 1287 infamia
1226 1256 1357 1287 contra
1380 1254 1493 1296 ipsas,
1526 1254 1616 1287 dicti
1647 1254 1892 1296 commissarij

269 1308 386 1339 nostri
404 1308 542 1340 virtute
569 1309 841 1341 commissionis
857 1310 1026 1351 predicte
1046 1309 1246 1342 voluerunt
1274 1310 1312 1343 et
1339 1310 1624 1352 ordinauerunt,
1649 1309 1748 1351 quod
1764 1309 1894 1343 eedem

268 1361 446 1395 mulieres
464 1364 501 1395 in
526 1365 624 1397 statu
639 1365 795 1406 pacifico
820 1366 858 1397 et
874 1365 1001 1406 quieto
1019 1366 1130 1407 prout
1153 1365 1265 1398 aliter
1281 1365 1573 1406 consueuerunt‚
1599 1364 1759 1398 Domino
1775 1365 1894 1398 famu-

267 1417 336 1458 larj
363 1419 646 1459 permittantur,
681 1422 718 1452 et
751 1421 849 1461 quod
878 1421 945 1453 sub
974 1421 1194 1454 obediencia
1219 1421 1486 1463 magistrarum
1511 1429 1580 1463 per
1602 1421 1702 1463 ipsos
1726 1419 1896 1453 commis-

265 1473 384 1505 sarios
409 1473 550 1506 ibidem
567 1475 826 1507 institutarum
840 1475 878 1507 in
896 1475 1026 1508 habitu
1045 1476 1148 1518 griso
1165 1475 1299 1508 humili
1313 1477 1350 1508 et
1362 1475 1520 1508 honesto
1537 1484 1734 1509 remanere
1746 1475 1896 1510 valeant

265 1528 405 1568 absque
427 1528 695 1562 molestacione
712 1529 851 1570 aliqua,
880 1531 935 1563 eis
955 1539 1021 1563 seu
1045 1539 1176 1563 earum
1204 1529 1316 1563 alicui
1342 1531 1538 1564 occasione
1561 1530 1833 1573 prohibicionis
1855 1530 1894 1563 et

265 1580 485 1616 abolicionis
498 1584 753 1624 predictarum
770 1585 814 1617 ab
834 1584 1022 1626 aliquibus
1040 1585 1078 1617 in
1095 1585 1266 1627 personis
1283 1586 1347 1618 aut
1363 1585 1402 1617 in
1419 1585 1526 1618 bonis
1541 1585 1739 1618 inferenda
1761 1593 1892 1618 secun-

264 1638 352 1670 dum
364 1638 548 1671 dictarum
565 1638 779 1672 litterarum
793 1639 1084 1681 apostolicarum
1101 1640 1376 1673 continenciam
1389 1641 1426 1673 et
1441 1641 1612 1674 tenorem
1630 1650 1639 1682 3

308 1693 384 1725 Nos
397 1702 485 1726 vero
500 1694 682 1735 premissa
698 1703 766 1735 per
778 1694 897 1726 dictos
914 1694 1190 1727 commissarios
1208 1695 1355 1726 nostros
1371 1695 1472 1727 facta
1487 1694 1744 1734 ratifficamus,
1759 1702 1890 1736 appro-

263 1749 392 1782 bamus
425 1750 462 1781 et
478 1749 701 1781 auctoritate
727 1758 837 1789 quam
869 1749 937 1782 hac
965 1750 1072 1791 parte
1099 1750 1305 1792 fungimur,
1343 1750 1620 1788 confirmamus,
1652 1748 1822 1782 volentes
1844 1757 1890 1782 ea

262 1804 421 1837 firmiter
453 1805 490 1836 et
511 1803 674 1837 fideliter
706 1804 924 1845 obseruari3
954 1813 1070 1845 quare
1094 1804 1199 1836 vobis
1223 1805 1395 1837 omnibus
1431 1805 1468 1838 et
1495 1803 1654 1847 singulis
1677 1803 1889 1844 abbatibus,

260 1858 461 1899 prioribus,
487 1859 702 1900 prepositis,
721 1859 884 1898 decanis,
915 1860 1135 1900 presbiteris
1153 1861 1190 1892 et
1214 1859 1418 1901 capellanis
1451 1861 1490 1892 in
1519 1859 1657 1892 nostris
1673 1858 1828 1892 ciuitate
1852 1859 1891 1891 et

260 1913 411 1954 dyocesi
442 1913 621 1955 predictis
645 1914 870 1954 constitutis,
897 1914 942 1946 ad
967 1923 1058 1955 quos
1086 1915 1280 1955 presentes
1304 1913 1431 1947 littere
1459 1914 1695 1956 peruenient,
1719 1912 1890 1945 districte

258 1971 487 2012 precipimus
505 1971 542 2001 et
560 1968 793 2010 mandamus,
812 1969 988 2009 quatinus
1003 1977 1132 2001 omnes
1151 1970 1189 2001 et
1202 1967 1373 2011 singulos
1386 1968 1648 2002 molestatores
1663 1968 1702 2000 et
1712 1965 1886 2007 rebelleS,

258 2025 287 2056 si
313 2026 376 2066 qui
401 2025 541 2058 suerint
568 2024 606 2055 in
630 2023 833 2065 premissis,
855 2023 1123 2065 cuiuscumque
1146 2024 1264 2056 status
1289 2023 1348 2056 vel
1373 2023 1604 2056 condicionis
1620 2023 1796 2064 existant,
1823 2021 1887 2063 qui

255 2080 373 2111 dietas
412 2078 590 2112 mulieres
625 2078 924 2118 molestauerint,
963 2079 1266 2120 jnquietauerint
1311 2078 1371 2112 vel
1407 2078 1665 2121 jmpedierint,
1703 2076 1887 2110 moneatis

257 2135 447 2174 canonice,
462 2136 503 2166 ut
520 2135 565 2166 ab
590 2133 804 2166 huiusmodi
820 2133 1101 2175 molestacione,
1117 2134 1398 2176 jnquietacione
1415 2134 1453 2167 et
1474 2133 1726 2175 J'mpedicione
1742 2133 1888 2166 cessent

256 2190 405 2231 penitus
419 2191 456 2222 et
468 2189 660 2221 desistant.
680 2188 856 2230 Alioquin
874 2189 988 2230 ipsos,
1004 2189 1035 2221 si
1052 2188 1126 2221 sint
1138 2189 1351 2230 presbiteri,
1370 2188 1603 2230 suspendatis
1628 2196 1650 2221 a
1672 2187 1813 2221 diuinis
1834 2188 1885 2228 et,

255 2245 286 2276 si
300 2244 437 2277 dictam
451 2244 734 2285 suspensionem
746 2252 815 2285 per
827 2252 892 2276 sex
909 2244 990 2276 dies
1008 2245 1047 2276 in
1066 2252 1106 2276 se
1119 2244 1380 2285 sustinuerint,
1405 2243 1505 2285 ipsos
1527 2243 1859 2276 excommunicetis
1875 2253 1885 2285 ς

254 2299 285 2330 si
302 2307 391 2331 vero
409 2298 537 2331 clerici
550 2299 692 2332 fuerint
708 2298 789 2331 siue
813 2297 901 2330 laici
919 2300 958 2330 et
976 2298 1078 2331 dicte
1102 2298 1303 2330 monitioni
1317 2307 1391 2330 non
1414 2298 1611 2340 paruerint
1633 2306 1719 2330 cum
1734 2297 1884 2339 effectu,

255 2353 354 2394 ipsos
378 2353 709 2386 excommunicetis
740 2354 778 2385 et
809 2353 1152 2386 excommunicatos
1184 2352 1334 2395 publice
1361 2353 1559 2386 nuncietis.
1584 2352 1634 2385 Et
1671 2352 1761 2394 quid
1794 2352 1883 2385 inde

252 2408 419 2440 feceritis
452 2408 678 2448 nominaque
711 2408 951 2447 monitorum,
983 2416 1248 2449 suspensorum
1276 2409 1312 2440 et
1329 2407 1750 2447 excommunicatorum,
1767 2407 1883 2448 siqui

254 2463 408 2502 suerint,
437 2463 544 2495 nobis
575 2462 717 2504 liquide
744 2463 974 2496 rescribatis.
1005 2463 1049 2495 In
1082 2462 1154 2504 hijs
1185 2463 1311 2495 autem
1339 2462 1566 2503 exequendis
1597 2471 1694 2495 unus
1717 2463 1884 2495 vestrum
1932 2464 1936 2466 “

255 2517 369 2549 aliurn
383 2517 441 2550 vel
459 2517 553 2550 alios
570 2527 644 2550 non
661 2519 844 2559 expectet.

298 2573 341 2605 In
356 2574 460 2606 cuius
479 2574 532 2614 rej
553 2573 809 2606 testimonium
825 2573 1018 2616 presentes
1034 2572 1181 2606 litteras
1194 2581 1262 2615 per
1278 2573 1447 2605 nostrum
1460 2571 1648 2604 notarium
1659 2569 1880 2613 infrascrip-

254 2634 332 2661 tum
350 2629 430 2670 fierj
450 2629 606 2662 fecimus
623 2630 661 2661 et
678 2627 796 2671 sigilli
815 2629 934 2661 nostri
946 2628 1154 2660 munimine
1166 2628 1353 2669 roborarj.

296 2685 429 2716 Actum
448 2685 485 2716 et
501 2684 629 2716 datum
645 2684 743 2725 apud
768 2683 971 2716 Castellum
1002 2684 1041 2715 in
1067 2683 1337 2723 Cameracesio,
1371 2691 1467 2716 anno
1498 2681 1650 2714 Domini
1676 2680 1878 2715 millesimo

252 2745 331 2771 ccc⁰
349 2739 524 2771 vicesimo
541 2739 672 2778 tercio,
695 2739 902 2779 ,indictione
919 2739 1088 2781 septima,
1116 2739 1255 2771 mensis
1273 2737 1466 2779 Februarij
1500 2736 1613 2778 xxiija
1630 2736 1703 2777 die,
1728 2736 1877 2779 pontifi-

249 2795 353 2825 catus
369 2794 593 2826 sanctissimi
619 2793 655 2825 in
682 2793 829 2826 Christo
846 2794 964 2835 patris
981 2802 1024 2826 ac
1041 2793 1182 2826 domini
1211 2792 1330 2825 nostri
1355 2791 1496 2824 domini
1524 2790 1547 2824 J
1551 2790 1722 2831 ohannis,
1745 2789 1878 2823 diuina

251 2848 488 2888 prouidentia
518 2857 613 2890 pape
642 2847 749 2889 xxijdi
783 2858 879 2881 anno
919 2850 1064 2887 octauo,
1105 2848 1343 2890 presentibus
1377 2845 1586 2880 venerabili
1620 2846 1701 2879 viro
1725 2844 1876 2878 domino

295 3024 339 3064 (l)
362 3024 422 3056 Zic
441 3033 507 3056 ons
524 3023 610 3056 stuk
624 3030 662 3056 nr
681 3024 742 3056 175
758 3024 797 3056 in
813 3022 952 3066 Corpus
967 3024 998 3064 I,
1017 3023 1085 3056 blz.
1104 3023 1178 3057 171.
