2050 3470
691 247 830 283 ANNO
854 247 952 290 1423,
977 247 1062 281 1424
1644 253 1710 287 257

78 385 187 428 paus
209 371 294 416 den
317 369 728 426 Luxemburgschen
753 369 849 413 adel
872 383 954 412 aan
978 370 1045 414 tot
1066 369 1351 427 verdediging
1373 385 1458 416 van
1475 371 1554 416 het
1570 373 1719 430 geloof

77 444 210 498 tegen
233 441 302 485 die
325 440 622 484 Boheemsche
646 439 832 482 ketters.
861 439 921 481 De
958 438 1084 482 liefde
1121 442 1187 483 tot
1208 439 1426 492 Christus,
1464 441 1532 486 die
1555 442 1643 486 hun
1669 444 1713 487 in

78 510 345 567 vergoeding
362 523 446 552 van
466 522 602 552 eenen
621 507 785 551 lichten
808 507 935 564 strijd
958 508 1010 550 de
1033 509 1229 566 eeuwige
1251 509 1466 566 zaligheid
1490 512 1715 555 schenken

78 579 161 630 zal,
183 578 375 623 alsmede
400 578 452 621 de
475 577 599 621 dorst
622 591 732 621 naar
754 590 873 620 roem
898 577 1039 620 zullen
1064 577 1150 621 hen
1174 578 1355 622 daartoe
1378 584 1629 625 aanzetten.
1657 583 1716 625 De

78 661 186 706 paus
208 648 275 692 zal
306 647 632 703 aanteekening
654 646 827 690 houden
849 660 935 690 van
969 647 1020 690 de
1044 661 1202 690 namen
1225 647 1303 691 der
1325 651 1522 702 vorsten,
1544 651 1718 694 edellie·

80 717 164 762 den
182 731 237 761 en
261 716 487 769 volkeren‚
515 716 582 759 die
615 715 668 759 de
709 715 832 760 Kerk
870 719 1000 773 tegen
1035 717 1102 760 die
1134 717 1304 761 ketters
1336 718 1380 761 in
1414 717 1720 778 bescherming

82 786 225 832 zullen
250 799 425 830 nemen.

129 872 329 912 Martinus,
344 871 416 904 etc.
432 870 592 904 Dilectis
610 870 698 905 filiis
717 871 907 905 nobilibus
921 871 1011 904 viris
1023 873 1235 913 comitibuS,
1261 873 1465 907 baronibus
1482 875 1520 907 et
1537 874 1720 908 militibus

81 928 121 962 in
150 928 288 961 ducatu
316 926 646 969 Luxemburgensi
679 928 908 969 constitutis,
933 927 1106 968 salutem,
1143 930 1213 961 etc.
1241 929 1518 971 (Requiruntur
1549 931 1719 971 comites,

83 985 245 1017 barones
263 983 301 1015 et
317 981 458 1015 milites
473 982 630 1015 ducatus
645 981 1008 1025 Luxemburgensis,
1027 985 1067 1016 ut
1081 983 1265 1017 auxilium
1282 985 1450 1027 ipsorum
1463 986 1658 1027 praestent
1675 986 1721 1019 ad

82 1038 363 1072 haereticorum
393 1037 759 1078 exterminationes.)

127 1094 166 1127 Si
179 1092 306 1134 aliqua
321 1092 493 1125 haeresis
510 1093 737 1126 surrexisset
756 1093 792 1125 in
810 1093 950 1135 populo
969 1093 1191 1135 christiane,
1209 1105 1305 1137 quae
1323 1096 1361 1128 in
1387 1095 1467 1129 sola
1491 1095 1721 1137 loquacitate

81 1150 121 1182 et
146 1148 251 1182 falsis
265 1148 303 1181 et
320 1148 522 1181 suffesticis
540 1148 775 1190 argumentis
800 1148 950 1188 innitet,
981 1150 1033 1182 sic
1051 1152 1091 1182 ut
1109 1150 1310 1192 aliquando
1327 1151 1488 1184 fratrum
1507 1152 1722 1183 nostrorum

82 1205 316 1246 temporibus
334 1205 475 1237 factum
493 1205 563 1243 est,
582 1214 648 1236 nos
666 1204 731 1237 illa
759 1214 843 1237 cum
861 1206 991 1237 saneta
1017 1206 1216 1248 disciplina
1232 1207 1403 1240 veritatis
1428 1208 1465 1239 et
1482 1207 1661 1240 remediis
1684 1207 1723 1238 in

82 1259 244 1293 ecclesia
261 1259 330 1293 Dei
355 1259 539 1292 institutis
557 1259 774 1301 opprimere
800 1260 838 1292 et
855 1260 1089 1293 confundere
1114 1271 1345 1294 curaremus.
1373 1261 1445 1295 Sed
1471 1261 1563 1295 haec
1580 1261 1725 1294 furiosa

82 1315 265 1357 haeresiS,
290 1324 386 1356 quae
415 1323 577 1357 regnum
617 1313 825 1347 Bohemiae
864 1315 1136 1349 miserabiliter
1163 1317 1368 1357 excecavit,
1402 1318 1548 1350 armata
1584 1317 1725 1359 prodiit

83 1371 216 1403 contra
232 1369 343 1404 fidem
369 1369 608 1409 catholicam,
634 1369 777 1402 viribus
809 1371 847 1402 et
870 1371 1042 1412 potentia
1074 1372 1292 1405 confirmari
1317 1373 1486 1405 conatur.
1514 1372 1725 1414 Propterea

84 1426 339 1459 necessarium
356 1426 425 1465 est,
445 1425 552 1457 nobis
570 1425 616 1457 ad
634 1424 731 1457 hane
747 1426 893 1467 pestem
912 1426 1222 1469 extinguendam,
1248 1428 1286 1460 et
1310 1427 1478 1461 fidelium
1497 1428 1724 1469 principum,

85 1481 269 1514 nobilium
286 1482 325 1514 et
351 1480 578 1523 populorum
603 1480 745 1513 auxilia
769 1490 992 1522 convocare,
1011 1483 1197 1515 eteorum
1222 1483 1438 1524 praecipue,
1465 1482 1528 1523 qui
1546 1484 1633 1515 sunt
1656 1491 1725 1524 per

85 1537 326 1570 Germaniam
357 1535 566 1568 constituti.
602 1536 700 1569 Nam
723 1535 777 1568 hii
809 1545 856 1569 ex
884 1537 964 1569 tota
991 1536 1269 1571 christianitate
1301 1539 1458 1580 propter
1492 1537 1725 1571 vicinitatem

83 1592 206 1636 magis
223 1592 269 1625 ad
287 1591 583 1624 succurrendum
603 1591 806 1633 opportuni
824 1593 924 1632 sunt,
942 1593 981 1625 et
998 1592 1137 1626 debent
1160 1594 1368 1627 ferventius
1393 1593 1553 1626 animari
1578 1593 1623 1626 ad
1641 1602 1724 1635 pro-

83 1647 262 1690 pinquius
279 1646 545 1688 depellendum
561 1646 783 1688 periculum.

129 1702 266 1742 Quare,
286 1702 355 1734 filii
380 1702 522 1742 dilecti,
549 1702 678 1735 stricte
696 1703 925 1743 requirimus
949 1704 988 1736 et
1018 1713 1198 1747 rogamus
1227 1703 1464 1737 nobilitatem
1488 1704 1664 1741 vestram.
1683 1702 1726 1734 ut

85 1767 161 1791 non
174 1758 358 1791 deseratis
375 1766 526 1790 causam
544 1757 646 1798 fidei,
665 1758 730 1790 sed
748 1767 816 1799 pro
842 1767 887 1791 ea
904 1759 1141 1792 defendenda
1158 1760 1289 1792 eontra
1308 1759 1497 1792 Bohemos
1513 1758 1725 1792 haereticos

86 1823 171 1847 eum
188 1813 359 1856 potentia
374 1814 501 1846 vestra
517 1813 769 1855 consurgatis,
784 1823 924 1854 vosque
942 1814 1078 1847 idoneo
1101 1816 1273 1856 tempore
1287 1815 1324 1846 in
1343 1814 1413 1847 hae
1430 1816 1558 1847 sancta
1575 1812 1725 1855 expedi-

87 1869 189 1902 tione
217 1870 412 1911 promptos
438 1867 652 1901 exhibeatis
680 1870 718 1901 et
744 1870 931 1910 peractos,
961 1870 1007 1902 ad
1041 1879 1152 1910 quam
1169 1871 1314 1903 vestros
1339 1871 1493 1903 devotos
1517 1872 1555 1903 et
1579 1867 1725 1902 nobiles

86 1925 232 1958 animos
250 1924 387 1957 merito
419 1923 531 1956 debet
558 1923 794 1957 inflammare
823 1924 1086 1966 principaliter
1110 1934 1216 1958 amor
1234 1925 1386 1965 Christi,
1412 1935 1434 1958 a
1457 1934 1530 1966 quo
1559 1933 1627 1966 pro
1652 1923 1726 1956 levi

84 1988 214 2022 pugna
242 1979 436 2021 recipietis
461 1979 736 2012 beatitudinem
760 1980 1054 2022 sempiternam3
1088 1980 1199 2013 debet
1224 1982 1262 2013 et
1289 1990 1353 2013 vos
1382 1989 1488 2014 amor
1510 1979 1661 2012 virtutis
1689 1978 1728 2010 et

86 2035 232 2079 gloriae
249 2043 501 2073 commovere,
522 2035 563 2066 ut
580 2033 725 2067 nullum
750 2044 819 2076 pro
836 2034 904 2068 tali
922 2044 1034 2069 eausa
1051 2035 1262 2077 perieulum
1280 2036 1436 2078 fugiatis
1451 2036 1515 2068 aut
1531 2034 1700 2068 laborem
1716 2043 1725 2074 3

86 2091 124 2124 et
148 2100 216 2123 nos
240 2090 367 2132 etiam,
387 2090 451 2130 qui
476 2090 629 2122 nomina
645 2089 884 2133 singulorum
901 2091 1116 2133 principum
1147 2100 1189 2124 ac
1218 2091 1401 2123 nobilium
1426 2100 1469 2124 ae
1486 2089 1726 2133 populorum,

86 2146 150 2188 qui
162 2146 202 2179 in
218 2145 290 2179 hoc
304 2145 477 2179 exercitu
494 2144 712 2178 militabunt
729 2145 787 2179 vel
805 2146 948 2180 auxilia
971 2147 1252 2187 ministrabunt,
1272 2146 1380 2179 nobis
1399 2146 1482 2179 fieri
1506 2146 1597 2178 nota
1621 2152 1727 2177 cura-

87 2201 224 2243 bimus,
242 2202 281 2235 et
296 2201 509 2235 Romanam
526 2200 638 2233 simul
656 2200 856 2234 ecclesiam
873 2201 919 2234 ad
943 2203 1088 2235 vestros
1105 2203 1144 2235 et
1167 2203 1380 2236 vestrorum
1396 2201 1561 2235 honores
1577 2201 1615 2234 et
1628 2208 1728 2232 eom-

87 2257 254 2290 modain
271 2257 497 2299 perpetuum
514 2255 744 2299 obligabitis.

132 2313 271 2346 Datum
295 2311 453 2352 Romae,
479 2311 578 2354 apud
595 2313 766 2345 sanctum
791 2311 974 2353 Marcum,
992 2311 1165 2346 kalendis
1190 2313 1422 2353 Decembris,
1437 2322 1534 2346 anno
1548 2314 1670 2348 sexto.

440 2382 597 2417 Archief
621 2393 690 2417 van
708 2383 773 2417 het
795 2384 982 2418 Vatikaan
1010 2384 1136 2427 (Arch.
1167 2394 1260 2418 seer.
1283 2384 1395 2426 Vah),
1414 2387 1517 2418 Arm.
1548 2386 1729 2429 XXXIX,

485 2441 513 2472 t.
549 2439 594 2479 V,
620 2440 743 2481 prima
766 2449 866 2482 pars,
898 2440 964 2474 fol.
994 2439 1060 2481 29;
1091 2441 1242 2474 ontleed
1274 2441 1324 2482 bij
1356 2440 1532 2481 Cauchie,
1561 2442 1728 2483 Missz'on,

487 2491 646 2531 blz.319,
660 2491 745 2534 3203
761 2493 965 2535 afgedrukt
979 2494 1027 2534 bij
1043 2493 1121 2526 Van
1138 2494 1293 2535 Iloutte,
1307 2492 1449 2526 Lettres
1465 2491 1510 2526 de
1523 2494 1666 2526 Martin
1688 2494 1728 2537 V,

490 2544 529 2577 in
550 2545 595 2577 de
609 2545 815 2587 Analectes,
830 2545 884 2578 2d0
900 2546 1026 2586 melis,
1042 2546 1124 2579 decl
1144 2546 1190 2585 X,
1211 2546 1281 2578 blz.
1300 2544 1353 2585 13,
1369 2545 1577 2579 14.—-Eene
1595 2546 1729 2589 gelijk-

486 2599 665 2633 luidende
696 2600 810 2634 breve
834 2601 937 2634 werd
965 2600 1147 2634 tezelsder
1174 2601 1241 2643 tijd
1266 2601 1359 2632 door
1384 2601 1568 2634 Martinus
1606 2601 1635 2631 V
1674 2603 1731 2634 tot

487 2655 690 2697 Gerardus,
708 2657 818 2699 graaf
835 2666 905 2690 van
924 2655 1092 2697 Marche,
1110 2655 1270 2699 gerieht.
1288 2655 1413 2697 (Ibid.,
1431 2656 1497 2689 fol.
1515 2656 1576 2689 190
1593 2666 1730 2698 verso.)

755 2771 851 2815 152
888 2764 1069 2828 (26611).

154 2892 276 2939 1424,
314 2884 477 2929 Maart
500 2891 567 2937 16,
593 2884 750 2928 Rome.
777 2885 917 2928 Breve
935 2897 1019 2927 van
1044 2883 1262 2928 Martinus
1287 2884 1344 2937 V,
1371 2884 1540 2941 gerieht
1560 2886 1625 2928 tot
1647 2882 1731 2928 den

97 2951 358 3010 inquisiteur
379 2952 502 2997 Orric
525 2965 608 2997 van
634 2952 863 3005 'rom-ente,
911 2951 1090 3010 waarbij
1137 2951 1195 3009 hij
1244 2951 1344 2996 hem
1387 2957 1624 3009 aanspoort
1666 2958 1732 2998 tot

1626 3030 1666 3063 17
