2050 3470
236 258 279 289 ss
868 249 1005 284 ANNo
1031 249 1128 292 13024,
1153 249 1238 281 1325

238 366 390 403 fuerint,
409 362 515 395 nobis
533 361 674 402 liquide
692 360 942 393 rescribentes
957 369 965 399 ς
984 360 1168 392 moneatis
1185 360 1339 402 insuper
1357 362 1522 402 prefatas
1538 363 1716 397 mulieres
1734 373 1863 398 omnes

238 427 270 452 et
290 418 470 461 singulas,
489 425 579 457 quas
593 416 630 447 et
648 425 714 447 nos
727 417 869 448 attente
888 415 1018 446 tenore
1032 415 1268 455 presencium
1282 416 1319 448 et
1336 418 1507 450 accurate
1524 427 1718 452 monemus
1734 420 1863 461 eisque

237 474 405 506 districte
437 471 677 513 precipimus,
709 479 753 503 ne
783 470 827 502 de
860 469 1072 510 hujusmodi
1099 470 1421 511 disputacionibus
1452 474 1582 505 eontra
1611 474 1862 514 predictarum

236 528 507 572 prohibicionis
525 528 562 559 et
575 525 796 559 abolicionis
813 527 981 557 tenorem
995 533 1033 557 se
1049 524 1286 566 aliquatenus
1305 526 1570 568 intromittant,
1588 528 1652 560 sed
1670 529 1707 560 in
1725 530 1862 562 sanetis

237 585 412 626 operibus
434 582 675 623 persistentes
702 583 736 613 et
768 579 1006 620 proficientes
1034 586 1182 619 semper
1210 579 1254 610 de
1279 579 1479 611 virtutibus
1504 580 1541 612 in
1560 581 1716 614 virtutes
1741 582 1794 615 sic
1825 583 1863 616 in

238 639 380 677 habitu,
422 637 530 669 modo
564 634 863 668 conversacionis
903 635 941 666 et
972 634 1047 665 vita
1083 634 1243 674 priscam
1283 633 1517 667 honestatem
1553 636 1762 676 observent,
1788 637 1866 670 suis

239 693 495 735 superioribus
512 691 729 723 reverenter
743 690 779 721 in
794 688 1091 721 correctionibus
1105 688 1308 720 subeundis
1334 689 1509 721 obediant
1535 691 1571 722 et
1588 690 1625 722 in
1643 689 1867 724 humilitatis

237 750 370 791 spiritu
399 748 579 779 virtutum
598 745 757 778 Domino
775 742 1017 782 famulentur,
1047 743 1088 775 ut
1114 744 1331 775 mereantur
1357 744 1616 777 retributionis
1642 746 1772 779 eterne
1787 755 1868 788 pre-

238 803 365 840 mium,
391 800 488 842 quod
507 809 579 832 non
596 798 871 837 inchoantibus,
886 797 950 829 sed
975 797 1302 838 perseverantibus
1320 797 1357 828 in
1384 799 1709 833 consummacione
1727 802 1868 842 presta-

238 861 326 894 tur:
358 856 574 888 intimantes
607 852 872 885 nichilominus
904 852 1058 891 eisdem,
1088 851 1199 892 quod,
1230 852 1260 883 si
1287 860 1359 892 que
1383 860 1429 884 ex
1462 853 1517 885 eis
1544 853 1627 886 aliis
1645 854 1812 888 honestis
1831 856 1869 888 et

239 911 365 953 probis
382 919 421 942 se
437 910 612 951 coaptare
630 907 924 948 contempserint
947 906 983 938 in
999 907 1205 948 premissis,
1232 906 1369 939 nedum
1386 907 1537 940 illarum
1564 909 1814 952 prerogativis
1832 910 1870 943 et

239 964 476 998 libertatibus
504 973 577 995 non
601 962 829 1004 gaudebunt,
856 962 919 994 sed
937 964 974 994 et
992 961 1084 1003 ipse,
1113 970 1159 994 ne
1177 961 1252 994 sint
1276 960 1360 994 aliis
1385 962 1614 1003 scandalum,
1644 964 1689 997 ab
1718 963 1872 997 illarum

240 1018 434 1052 consoreio
460 1018 608 1060 penitus
633 1015 882 1058 expellantur.
913 1015 956 1048 In
985 1016 1091 1057 eujus
1117 1016 1172 1048 rei
1201 1016 1456 1048 testimonium
1488 1016 1609 1050 literis
1633 1018 1871 1059 presentibus

239 1073 405 1117 sigillum
418 1074 586 1105 nostrum
603 1072 776 1104 duximus
795 1071 1073 1113 apponendum.

284 1130 420 1162 Datum
443 1137 540 1161 anno
571 1127 720 1159 Domini
752 1125 952 1159 millesimo
980 1126 1238 1159 tricentesimo
1267 1126 1443 1160 vicesimo
1472 1128 1618 1168 quarto,
1650 1128 1688 1160 in
1707 1127 1870 1161 erastino

242 1185 328 1218 festi
346 1183 444 1217 beati
461 1182 643 1216 Severini.

590 1257 743 1291 Archief
766 1267 836 1290 van
861 1257 924 1291 het
956 1258 1159 1301 BegiJnhof
1189 1260 1226 1291 te
1253 1259 1490 1298 St-Truiden‚
1524 1259 1726 1302 afgedrukt
1755 1259 1802 1301 bij
1830 1259 1872 1292 F.

631 1312 800 1352 Straven,
833 1312 960 1346 Notice
992 1312 1191 1357 hasmo-ique
1205 1324 1273 1346 sur
1297 1313 1329 1346 le
1360 1313 1577 1356 Be'qumaqe
1596 1312 1650 1346 dit
1667 1312 1712 1346 de
1735 1312 1875 1347 Sainte-

637 1367 760 1411 Aynes
782 1371 804 1400 ἀ
821 1366 1088 1408 Saint-Trond,
1106 1367 1175 1400 blz.
1199 1368 1344 1400 111-114
1361 1367 1469 1411 (1876)
1484 1379 1492 1409 3
1519 1369 1618 1401 Kon.
1634 1367 1876 1402 Bibliotheek

635 1425 671 1456 te
691 1423 854 1462 Brussel,
869 1423 938 1457 HS.
964 1423 1122 1464 942-944,
1140 1423 1260 1456 zeli'de
1275 1423 1361 1455 stuk
1384 1423 1598 1465 (asschrift)‚
1624 1433 1729 1457 maar
1752 1423 1876 1458 alleen

638 1478 788 1522 gerieht
826 1492 841 1505 u
858 1478 997 1511 rectori
1015 1487 1080 1511 seu
1109 1480 1240 1514 curato
1269 1478 1538 1521 Beghinarum‚
1578 1478 1673 1520 apud
1707 1480 1877 1512 sanctum

637 1533 920 1575 Cristophorum
937 1533 974 1565 in
995 1533 1173 1566 suburbio
1188 1533 1399 1566 Leodiensi.
1415 1549 1430 1562 „
1442 1534 1551 1566 —De
1568 1533 1660 1567 heer
1671 1533 1778 1567 Edm.
1797 1533 1878 1568 Van

639 1587 944 1628 VVintershoven‚
985 1587 1257 1629 onderpastoor
1291 1587 1359 1621 der
1389 1587 1802 1622 Sint-Christoffelkerk
1841 1589 1878 1622 te

642 1643 752 1682 Luik,
777 1642 881 1675 heeft
904 1642 943 1674 in
971 1641 1016 1674 de
1048 1641 1242 1675 Analectes
1263 1651 1365 1685 pour
1379 1643 1496 1675 servir
1526 1645 1549 1675 ὰ
1582 1641 1755 1676 Z'histoz‘re
1770 1642 1878 1676 eccle*-

637 1698 810 1740 sz'astz'que
822 1695 866 1729 de
883 1695 919 1729 kz
936 1695 1111 1740 Belyique
1126 1696 1194 1735 (2(ἰὲ
1207 1697 1331 1738 reeRs,
1350 1696 1433 1729 deel
1451 1697 1529 1736 VII,
1549 1697 1617 1729 blz.
1635 1697 1736 1731 70·79
1753 1708 1762 1739 ;
1781 1697 1880 1740 1892)

639 1752 802 1785 stukken
818 1761 889 1784 van
906 1752 925 1784 3
956 1751 978 1784 J
983 1751 1036 1784 uli
1067 1750 1163 1792 1323,
1197 1751 1240 1783 23
1268 1751 1376 1793 April
1394 1751 1478 1784 1325
1495 1761 1541 1784 en
1559 1752 1779 1794 September
1796 1752 1880 1786 1325

637 1808 688 1847 (in
705 1807 911 1850 verjongde
937 1806 1126 1839 Fransche
1143 1805 1332 1849 vertaling
1359 1806 1426 1839 der
1452 1807 1584 1849 vorige
1608 1807 1728 1849 eeuw)
1743 1807 1801 1840 uit
1815 1806 1882 1840 het

638 1862 783 1895 arehief
799 1870 868 1894 van
882 1862 946 1894 het
961 1860 1172 1903 voormalig
1190 1860 1358 1894 Luiksch
1378 1861 1581 1904 BegiJnhof
1597 1861 1878 1904 medegedeeld,

642 1917 802 1950 waaruit
826 1916 947 1958 blijkt,
966 1916 1030 1948 dat
1052 1915 1227 1958 bisschop
1252 1915 1364 1949 Adolf
1381 1915 1510 1949 alsdan
1534 1915 1794 1959 reglementen
1809 1915 1882 1950 uit-

641 1972 845 2014 vaardigde
861 1980 951 2005 over
976 1971 1022 2004 de
1045 1971 1214 2013 plichten
1239 1971 1307 2004 der
1336 1971 1524 2004 Luiksehe
1542 1971 1726 2014 Begijnen
1757 1984 1772 1998 u
1786 1979 1882 2013 pour

643 2027 875 2060 restraindre
891 2028 929 2060 et
953 2027 1126 2059 refrener
1157 2025 1211 2059 les
1242 2025 1452 2059 insolenees
1475 2027 1514 2059 et
1529 2025 1882 2060 disconvenabilites

641 2082 748 2115 dudit
761 2082 988 2124 beguinage,
1010 2096 1025 2109 n
1045 2081 1164 2114 onder
1177 2081 1344 2114 anderen
1359 2081 1580 2123 aangaande
1605 2094 1621 2108 u
1635 2080 1672 2114 le
1694 2080 1813 2124 peche
1836 2081 1883 2114 de

643 2137 822 2176 luxuren,
849 2137 912 2170 het
940 2137 1080 2170 dansen
1109 2136 1148 2168 in
1174 2135 1199 2168 ’t
1225 2137 1427 2178 openbaar,
1452 2136 1518 2169 het
1540 2137 1674 2179 zingen
1690 2145 1761 2169 van
1790 2136 1883 2170 “des

643 2191 828 2225 chansons
859 2191 1054 2231 dissolues‚
1072 2206 1087 2219 ’ν
1118 2191 1182 2224 het
1210 2191 1307 2224 doen
1338 2200 1408 2224 van
1444 2199 1560 2233 grove
1595 2191 1790 2232 verwijten
1813 2199 1884 2224 aan

645 2247 796 2280 hunnen
810 2248 962 2289 pastoor
987 2246 1023 2289 (α
1037 2254 1201 2279 aueunes
1225 2245 1389 2288 parolles
1421 2246 1659 2288 injurieuses,
1679 2244 1887 2279 deshonne-

644 2304 701 2334 tes
714 2303 751 2335 et
767 2303 851 2343 trop
868 2301 1069 2334 honteuses
1087 2302 1124 2334 et
1140 2302 1313 2334 enormes
1332 2301 1354 2333 a
1370 2301 1510 2334 reciter
1525 2316 1540 2328 n
1554 2301 1577 2341 ),
1596 2309 1689 2340 enz„
1707 2300 1747 2333 in
1763 2299 1885 2333 welke

646 2356 819 2400 gevallen
855 2357 900 2389 de
929 2356 1126 2399 sehuldige
1153 2356 1337 2398 Begijnen
1361 2357 1438 2389 met
1465 2356 1536 2388 den
1565 2355 1736 2388 kerkban
1763 2354 1886 2387 zullen

646 2413 803 2455 gestraft
844 2411 1007 2444 worden.
1049 2411 1155 2444 Maar
1182 2420 1279 2454 geen
1311 2410 1423 2444 enkel
1452 2410 1579 2443 woord
1610 2410 1731 2442 wordt
1757 2409 1797 2442 in
1824 2409 1886 2442 die

658 2469 809 2510 strenge
837 2466 1071 2508 omstandige
1100 2465 1360 2508 reglementen
1377 2466 1512 2508 gerept
1528 2473 1618 2498 over
1630 2464 1833 2506 ketterijen
1846 2465 1886 2498 of

657 2521 858 2555 verdaehte
875 2520 1103 2554 leerstelsels
1121 2521 1188 2554 der
1210 2520 1398 2554 Luiksehe
1413 2520 1607 2563 Begijnen.

935 2636 1004 2680 54
1043 2629 1208 2693 (1785).

322 2768 440 2815 1325,
474 2765 633 2808 Maart
664 2767 701 2812 1,
737 2762 906 2820 (Luik).
943 2761 1072 2805 Bevel
1106 2774 1190 2804 van
1222 2760 1356 2804 Adolf
1385 2773 1467 2803 van
1499 2760 1577 2803 der
1615 2759 1757 2812 Mark,
1799 2758 1886 2802 bis-

260 2833 392 2889 sehop
413 2847 499 2876 van
523 2832 648 2884 Luik,
675 2831 846 2888 gericht
867 2834 932 2874 tot
953 2831 1034 2874 den
1059 2833 1233 2886 pastoor
1256 2843 1342 2873 van
1374 2829 1447 2873 het
1483 2828 1629 2872 nieuw
1652 2826 1890 2886 Begijnhof

261 2904 305 2944 te
351 2899 612 2952 Roermond,
653 2898 832 2957 waarbij
872 2898 931 2956 hij
973 2897 1168 2941 verbiedt
1193 2898 1245 2942 de
1277 2898 1628 2954 rechtgeloovige
1674 2897 1884 2955 Begijnen

263 2969 411 3012 aldaar
428 2970 470 3012 in
494 2969 630 3012 haren
653 2981 840 3025 pez-soon
863 2967 908 3010 of
921 2967 964 3010 in
987 2967 1094 3010 hare
1115 2967 1328 3024 goederen
1345 2968 1390 3010 te
1413 2968 1740 3010 verontrusten.
