2050 3470
259 270 301 298 5,ss
944 266 1078 299 ANNO
1108 267 1190 299 1307

259 376 466 408 vehementi
500 377 711 416 suspicione
744 379 936 418 concepta,
967 377 1201 418 inquisitoris
1243 379 1437 420 praedicti,
1479 379 1542 420 qui
1584 380 1727 413 brachii
1767 382 1885 414 nostri

258 429 437 462 auxilium
452 430 649 468 invocavit,
666 431 776 471 justis
795 431 831 463 in
860 431 930 463 hac
958 433 1064 472 parte
1082 431 1420 473 supplicationibus
1454 436 1672 473 annuentes,
1692 434 1780 468 licet
1805 444 1885 469 esse

259 488 381 524 posset
410 494 538 516 corum
567 485 711 526 aliquos
739 488 819 518 fore
838 485 1044 527 culpabiles
1062 488 1099 519 et
1119 487 1212 519 alios
1238 488 1471 527 innocentes,
1490 493 1645 530 propter
1661 490 1884 531 gravitatem

259 545 380 569 tamen
401 540 540 580 negotii
560 542 597 571 et
613 541 701 581 quia
724 542 861 573 veritas
879 541 923 573 dc
951 541 1166 582 praemissis
1200 541 1293 573 alias
1317 541 1428 583 plene
1457 543 1616 584 reperiri
1647 552 1719 576 non
1747 545 1885 586 posset,

259 598 335 624 tuin
362 594 449 633 quia
472 596 602 627 contra
633 605 760 627 omues
788 596 987 628 vehemens
1021 598 1077 627 est
1109 598 1193 628 orta
1221 597 1396 637 suspiciO,
1427 598 1505 629 tum
1533 598 1632 638 quia,
1662 599 1692 630 si
1725 598 1789 639 qui
1813 598 1888 631 sint

260 647 476 680 innocentes
503 658 548 681 ex
574 650 640 687 eis,
669 651 820 690 expedit
848 651 946 690 quod
972 652 1162 691 tamquam
1194 643 1326 683 aurum
1359 652 1397 683 in
1428 653 1579 685 fornace
1610 654 1820 695 purgentur
1850 656 1888 687 et

260 702 385 734 debita
399 703 529 743 judicii
547 705 824 736 examinatione
843 706 1061 746 probentur,
1088 705 1359 738 deliberatione
1385 715 1498 747 super
1521 706 1578 738 his
1595 717 1677 739 cum
1696 707 1886 749 praelatis,

261 756 460 789 baronibus
493 758 598 800 regni
627 759 743 789 nostri
777 760 814 790 et
848 758 932 790 aliis
962 758 1188 791 consiliariis
1215 759 1366 798 nostris,
1399 762 1440 791 ut
1470 761 1889 800 praemittitur,‹habita

259 809 432 851 pleniori,
452 813 696 853 derl'ovinnlS,
712 815 751 845 ut
767 813 978 855 singulares
996 823 1179 856 personae
1198 814 1379 856 praedicti
1397 815 1539 847 ordinis
1552 816 1659 858 regni
1674 816 1791 848 nostri
1808 816 1888 849 sine

258 867 477 907 exceptione
495 867 621 908 aliqua
637 868 846 909 capiantur,
874 870 972 910 capti
997 871 1197 902 teneantur
1225 871 1262 901 et
1281 869 1462 902 ecclesiae
1486 870 1626 910 judicio
1652 879 1890 911 praeserven—

260 920 332 957 tur,
348 927 384 953 et
398 922 522 954 omnia
547 923 642 955 bona
659 932 725 954 sua
742 923 896 956 mobilia
913 925 950 956 et
976 923 1184 956 immobilia
1200 924 1402 956 saisiantur
1426 925 1463 956 et
1480 924 1525 956 ad
1549 933 1700 957 manum
1724 925 1890 957 nostram

259 975 386 1007 saisita
404 976 875 1018 fideliterconserventur3
910 988 1026 1020 quare
1062 979 1166 1011 vobis
1195 979 1462 1011 committimus
1490 980 1528 1012 et
1551 979 1718 1012 districte
1748 979 1890 1020 praeci-

259 1030 393 1070 piendo
408 1033 638 1073 mandamus,
658 1036 841 1075 quatenus
863 1035 909 1067 ad
936 1035 1143 1067 bailliviam
1161 1034 1451 1067 Ambianensem
1476 1043 1540 1066 vos
1556 1035 1620 1066 aut
1636 1034 1708 1066 duo
1725 1035 1891 1066 vestrum

259 1086 508 1125 personaliter
521 1090 759 1121 conferentes
777 1089 947 1131 singulos
974 1091 1110 1122 fratres
1138 1090 1255 1131 ipsius
1273 1089 1416 1121 ordinis
1433 1089 1512 1121 sine
1530 1089 1749 1130 exceptione
1766 1088 1892 1130 aliqua

260 1141 416 1181 capiatis
434 1144 469 1173 et
487 1145 614 1184 captos
633 1145 792 1177 teneatis
809 1143 991 1177 ecclesiae
1008 1144 1149 1185 Judicio
1167 1144 1462 1185 praeservandos
1475 1145 1512 1176 et
1530 1144 1626 1176 bona
1649 1152 1716 1176 sua
1738 1142 1894 1175 mobilia

260 1196 297 1226 et
317 1195 525 1229 immobilia
558 1198 719 1231 saisiatis
750 1202 786 1231 et
820 1200 865 1231 ad
902 1208 1053 1232 manum
1084 1201 1249 1231 nostram
1278 1199 1408 1231 saisita
1435 1199 1516 1230 sine
1543 1197 1825 1239 consumptione
1856 1198 1895 1230 et

259 1249 513 1283 devastatione
531 1261 765 1294 quacumque
777 1254 886 1294 juxta
901 1253 1175 1286 ordinationem
1191 1255 1227 1285 et
1245 1252 1551 1285 informationem
1568 1252 1769 1285 maximam
1785 1251 1891 1285 vobis

259 1304 325 1336 sub
343 1306 601 1348 contrasigillo
628 1309 754 1339 nostro
773 1308 924 1340 missam
941 1308 1220 1341 districtissime
1239 1304 1412 1346 teneatis,
1424 1316 1617 1348 quousque
1631 1316 1652 1339 a
1665 1307 1772 1339 nobis
1786 1306 1888 1339 aliud

261 1368 374 1400 super
397 1359 468 1393 hoe
484 1363 704 1403 receperitis
740 1363 777 1394 in
810 1363 1008 1404 mandatis,
1042 1363 1173 1396 dantes
1199 1362 1384 1404 fidelibus,
1417 1362 1638 1403 Justiciariis
1669 1364 1706 1395 et
1735 1361 1892 1394 subditis

263 1416 400 1447 nostris
418 1418 547 1448 tenore
565 1418 821 1458 praesentium
838 1417 876 1449 in
895 1418 1092 1457 mandatis,
1120 1419 1161 1449 ut
1185 1418 1222 1449 in
1240 1416 1456 1458 praemissis
1475 1417 1646 1449 omnibus
1674 1417 1710 1450 et
1734 1415 1893 1459 singulis

263 1471 301 1501 et
316 1478 361 1502 ea
377 1471 617 1513 tangentibus
640 1472 745 1504 vobis
763 1473 920 1514 pareant
937 1473 1142 1505 efficaciter
1166 1474 1203 1505 et
1222 1472 1429 1504 intendant.

307 1525 438 1558 Actum
452 1525 490 1557 in
503 1526 623 1567 regali
637 1527 788 1559 abbatia
806 1528 935 1560 beatae
954 1527 1096 1566 Mariae
1112 1527 1220 1567 juxta
1236 1527 1488 1565 Pontisaram‚
1515 1526 1552 1558 in
1571 1527 1666 1559 festo
1692 1525 1889 1559 exaltatio-

264 1578 321 1609 nis
337 1581 486 1612 sanctae
504 1580 644 1620 Crucis,
664 1590 760 1613 anno
780 1581 929 1613 Domini
948 1581 1131 1615 M.C.C.C.
1152 1582 1326 1623 septimo.

309 1633 434 1665 Tener
449 1643 536 1668 vero
552 1635 700 1669 litterae
714 1637 803 1669 dicti
822 1637 950 1669 fratris
963 1636 1172 1679 G[ulielmi]
1188 1637 1233 1669 de
1252 1636 1423 1669 Parisius
1442 1635 1527 1668 talis
1545 1636 1627 1669 erat
1648 1645 1655 1667 :

309 1687 513 1730 Religiosis
541 1691 579 1721 et
605 1691 883 1723 venerabilibus
923 1691 1107 1723 fratribus
1140 1690 1426 1732 inquisitoribus
1455 1690 1669 1723 haereticae
1700 1691 1895 1732 pravitatis

266 1742 450 1776 Tholosae
467 1748 504 1777 et
530 1744 777 1778 Carcassonae
805 1746 1034 1778 authoritate
1059 1745 1267 1787 apostolica
1291 1745 1492 1786 deputatis,
1523 1746 1712 1787 prioribus
1736 1755 1893 1779 conven-

265 1797 440 1838 tualibus,
459 1800 717 1841 subprioribus
750 1802 787 1833 et
803 1800 1007 1833 lectoribus
1040 1800 1183 1833 ordinis
1209 1801 1369 1833 fratrum
1394 1800 1696 1841 praedicatorum
1712 1801 1751 1832 in
1775 1809 1893 1843 regno

267 1852 447 1887 Franciae
464 1855 689 1894 constitutis,
719 1864 849 1888 eorum
874 1855 1050 1888 videlicet
1073 1855 1234 1897 singulis
1252 1855 1445 1894 fratribus
1466 1854 1703 1898 G[ulielmus]
1722 1855 1767 1888 de
1785 1855 1892 1888 Pari-

266 1907 342 1940 sius
357 1909 523 1949 ejusdem
538 1910 692 1950 ordinis,
707 1910 923 1952 capellanus
936 1911 1079 1942 domini
1096 1919 1227 1951 papae,
1247 1911 1439 1942 consessor
1462 1910 1644 1951 principis
1675 1909 1894 1943 excellentis

267 1963 407 1995 domini
423 1963 602 2005 Philippi,
618 1965 687 1997 Dei
701 1965 825 2007 gratia
842 1965 1072 1997 Francorum
1088 1965 1203 2006 regis,
1230 1973 1273 1996 ac
1296 1964 1496 2005 inquisitor
1520 1964 1709 2006 generalis
1734 1964 1895 1997 haereti-

267 2026 332 2050 cae
364 2019 558 2059 pravitatis
582 2020 691 2061 regni
720 2020 901 2052 Franciae
934 2018 1163 2051 authoritate
1193 2018 1399 2060 apostolica
1429 2018 1650 2059 deputatus,v
1668 2017 1826 2051 salutem
1857 2018 1896 2050 in

269 2077 395 2105 actore
409 2075 446 2105 et
459 2074 758 2106 consummatore
776 2074 863 2106 fidei
879 2073 901 2106 J
906 2082 970 2106 esu
988 2073 1148 2105 Christo.

313 2127 463 2159 Fratres
492 2127 715 2167 charissimi,
745 2128 866 2161 scelus
893 2127 1237 2166 sceleratissimum,
1263 2126 1426 2159 coeleste
1456 2127 1655 2169 flagitium,
1691 2127 1802 2169 quale
1827 2136 1898 2160 nec

269 2180 398 2213 oculus
415 2182 506 2213 vidit
531 2191 598 2215 nec
615 2184 716 2215 auris
735 2184 876 2216 audivit
893 2192 961 2216 nec
974 2183 1067 2216 alias
1085 2184 1124 2215 in
1137 2183 1299 2215 hominis
1317 2192 1382 2215 eor
1399 2183 1580 2224 ascendit,
1601 2192 1662 2216 res
1680 2192 1819 2223 amara,
1835 2192 1896 2216 res
1935 2176 1940 2180 ”

271 2236 420 2277 flebilis,
447 2237 736 2270 abhominabilis
754 2240 790 2271 et
807 2238 914 2271 valde
938 2238 1132 2278 terribilis,
1160 2248 1206 2271 ex
1230 2247 1303 2279 qua
1335 2238 1528 2271 consuevit
1554 2238 1614 2271 via
1639 2238 1709 2270 Dei
1729 2238 1768 2270 in
1799 2237 1897 2271 filios

271 2291 501 2325 diffidentiae
518 2294 726 2334 provocari,
753 2294 1008 2325 commovetur
1021 2295 1123 2326 terra
1139 2293 1317 2325 nimirum
1338 2301 1380 2325 ae
1399 2293 1525 2325 omnia
1541 2292 1728 2325 elementa
1743 2293 1896 2326 turban-

271 2348 345 2386 tur,
360 2357 495 2380 nomen
508 2348 623 2381 divini
641 2350 802 2381 nominis
816 2349 1026 2389 exufflatur,
1042 2348 1239 2391 religionis
1252 2351 1425 2382 venustas
1438 2347 1693 2387 confunditur,
1708 2347 1898 2381 laceratur

273 2402 458 2435 stabilitas
475 2403 563 2436 fidei
580 2403 818 2436 christianae.

314 2458 444 2499 Nuper
460 2458 506 2490 ad
522 2459 663 2490 domini
691 2459 793 2500 regis
810 2459 978 2491 auditum
995 2459 1032 2491 et
1056 2460 1224 2491 nostrum
1241 2458 1423 2500 pervenit,
1446 2457 1621 2490 videlicet
1642 2457 1741 2498 quod
1758 2458 1897 2490 fratres

273 2513 414 2545 ordinis
445 2512 684 2554 quamplures
717 2513 877 2546 Militiae
910 2513 1069 2555 Templi,
1104 2514 1135 2546 si
1170 2515 1307 2546 fratres
1340 2513 1482 2545 ordinis
1518 2511 1666 2545 valeant
1700 2511 1896 2554 appellari,

272 2567 366 2600 falso
383 2567 580 2611 religionis
608 2577 743 2613 nomen
772 2570 942 2601 tenentes
970 2570 1007 2601 et
1034 2568 1215 2607 habitum,
1245 2567 1506 2601 detestabilem
1530 2567 1718 2600 haeresim
1742 2577 1785 2600 ae
1801 2567 1896 2600 alias

273 2623 479 2655 inauditam
495 2624 720 2664 profitentur
746 2623 903 2662 occulte,
932 2624 986 2656 ita
1013 2623 1111 2664 quod
1137 2623 1250 2656 etiam
1277 2623 1315 2655 in
1344 2623 1516 2665 ingressu
1545 2623 1673 2655 fratris
1698 2620 1899 2664 quuslibet

274 2678 434 2719 praefati
464 2678 618 2717 ordinis,
649 2687 759 2711 cruce
794 2678 944 2710 Domini
970 2687 1053 2710 eum
1081 2678 1161 2719 ers
1185 2678 1312 2720 effigie
1342 2677 1568 2719 praeposita,
1586 2676 1698 2709 Jesus
1728 2675 1898 2710 Christus

277 2732 456 2765 Dominus
474 2735 601 2765 noster
618 2742 682 2774 per
699 2743 795 2773 eum,
825 2734 889 2774 qui
915 2733 1110 2774 recipitur,
1129 2734 1187 2766 ter
1212 2733 1373 2775 negatur
1388 2733 1426 2766 et
1441 2732 1522 2765 vice
1547 2731 1714 2773 qualibet
1731 2731 1901 2773 conspui-

276 2789 338 2819 tur
354 2797 465 2829 super
481 2797 631 2820 crucem
658 2789 696 2821 et
719 2788 924 2830 imaginem
940 2788 962 2821 J
966 2797 1031 2821 esu
1050 2787 1201 2820 Christi.
1228 2788 1445 2829 Postquam,
1464 2787 1629 2820 vestibus
1646 2788 1758 2820 exuto
1775 2787 1899 2829 ingre-

276 2842 413 2880 diente,
439 2843 660 2883 praeceptor
691 2842 748 2875 vel
779 2842 915 2884 aliquis
940 2843 1107 2884 ejusdem
1132 2842 1273 2875 ordinis
1297 2843 1420 2884 ipsum
1444 2842 1673 2875 authoritate
1697 2842 1780 2884 eJus
1805 2842 1899 2875 reci-

277 2897 382 2937 piens
399 2898 457 2928 ter
472 2897 663 2938 receptum
681 2897 882 2937 osculatur,
902 2898 1023 2939 primo
1032 2898 1078 2930 ‘in
1092 2898 1166 2930 fine
1192 2898 1322 2939 spinae
1347 2897 1448 2930 dorsi
1470 2896 1641 2936 inferiuS,
1671 2896 1833 2929 secundo
1857 2888 1896 2929 in

276 2950 465 2990 umbilico,
485 2952 595 2984 tertio
609 2952 646 2984 in
669 2961 746 2992 ore,
762 2953 912 2995 recepto
927 2952 1169 2985 nihilominus
1186 2952 1432 2995 injungendo,
1450 2951 1561 2994 quod,
1580 2951 1611 2984 si
1637 2951 1721 2993 quis
1737 2953 1897 2984 fratrum
