2050 3470
272 261 334 295 168
965 259 1101 294 ANNO
1131 258 1215 292 1397

268 374 306 407 in
323 372 399 405 suis
421 370 597 412 hospicijs
622 369 887 402 conuersantes
903 368 1156 411 penitenciam
1179 377 1295 412 agere
1311 369 1442 404 volunt
1472 371 1511 404 et
1524 371 1705 406 virtutum
1737 372 1899 407 Domino

269 430 307 461 in
323 426 545 460 humilitatis
577 425 710 466 spiritu
739 425 907 465 seruire3
934 423 1028 457 tales
1045 424 1158 464 enim,
1178 425 1250 457 nisi
1280 424 1404 465 fallor,
1438 427 1524 459 sunt
1557 427 1729 470 Beghine
1767 428 1904 462 harum

269 484 449 526 parcium,
475 482 513 513 ct
528 479 659 513 talium
683 480 924 512 conuersacio
943 480 999 512 est
1024 479 1135 513 hodie
1153 488 1330 522 expresse
1348 481 1555 522 approbata
1574 491 1641 516 seu
1659 484 1845 524 permissa
1859 484 1901 526 jn

269 538 538 579 extrauagante
558 535 751 568 Benedicti
769 535 832 576 xij,
851 543 923 576 quc
941 535 1073 576 incipit
1091 534 1203 569 Recta
1220 536 1320 568 racio
1343 545 1418 568 non
1430 538 1587 579 patitur.
1621 537 1670 570 Et
1688 539 1745 570 cst
1769 538 1905 571 consti-

268 594 367 626 tucio
385 590 634 624 declaratoria
658 590 825 632 predicte
843 590 1099 630 Clementine3
1134 599 1221 622 nam
1238 590 1464 624 Benedictus
1493 592 1582 633 xijus
1611 592 1814 635 Beghinas,
1833 602 1906 635 que

266 647 416 681 insimul
452 646 664 679 habitantes
704 645 819 677 vitam
855 645 996 677 ducunt
1027 644 1239 685 honestam,
1272 645 1452 679 ecclesias
1485 647 1621 680 deuote
1650 648 1906 689 frequentant,

269 702 486 745 dyocesanis
504 701 672 733 locorum
696 709 738 732 ac
755 699 1054 742 parrochialium
1078 700 1328 733 ecclesiarum
1345 702 1557 734 rectoribus
1576 704 1798 737 reuerenter
1823 703 1909 736 obe-

271 759 377 791 diunt
392 759 429 790 ct
445 756 701 789 curiositatem
719 755 933 796 disputandi
950 755 1052 788 circa
1067 755 1245 788 articulos
1261 756 1350 789 fidei
1364 765 1438 789 non
1458 755 1649 799 usurpant'
1661 766 1729 791 nec
1743 758 1790 791 de
1806 767 1909 791 erro-

270 813 424 847 ribusin
442 812 542 844 dicta
558 810 792 844 Clementina
816 810 1014 852 descriptis
1039 812 1127 843 sunt
1152 812 1339 853 suspecte,
1357 812 1425 844 sub
1450 811 1715 854 prohibicione
1742 813 1911 846 eiusdem

273 868 504 902 Clementine
528 865 693 899 declarat
710 875 784 898 non
801 865 955 905 includi,
974 865 1221 908 iniungitque
1238 866 1441 908 ordinarijs
1467 867 1651 909 locorum,
1679 868 1778 910 quod
1794 876 1858 901 eas
1871 868 1911 901 in

273 924 379 957 bonis
396 924 433 956 et
447 922 594 964 juribus
618 922 785 963 ipsarum
802 922 1040 961 conseruent,
1063 931 1148 954 cum
1165 922 1432 964 inuocacione‚
1448 923 1480 955 si
1505 933 1598 965 opus
1614 924 1747 964 fuerit,
1764 923 1907 966 brachij

271 978 450 1011 secularis
467 976 610 1017 auxilij‚
640 977 678 1008 et
693 976 807 1017 ijdem
824 976 1001 1017 ordinarij
1031 985 1161 1009 curam
1192 976 1421 1019 peruigilem
1447 977 1612 1011 habeant
1630 988 1744 1021 super
1767 987 1845 1019 eaS,
1863 987 1911 1012 ne

273 1032 465 1076 premissis
481 1031 673 1065 erroribus
698 1040 737 1064 se
754 1030 964 1071 inuoluant,
982 1032 1094 1073 prout
1117 1032 1156 1064 in
1181 1031 1282 1064 dicta
1310 1033 1584 1075 extrauagante
1611 1034 1780 1067 noscitur
1795 1034 1910 1068 serio-

277 1090 354 1122 sius
371 1088 568 1123 contineri.

319 1144 481 1185 Propter
497 1142 608 1184 quod,
622 1141 761 1174 iudicio
779 1149 874 1181 meo,
894 1139 960 1174 ille
979 1141 1165 1181 dominus,
1185 1141 1248 1183 qui
1267 1141 1462 1184 satagitin
1490 1143 1568 1175 suis
1593 1144 1830 1178 sermonibus
1853 1145 1915 1179 uel

275 1199 424 1241 scriptis
441 1199 579 1231 statum
596 1196 855 1240 Beghinarum
872 1196 1051 1237 tanquam
1063 1196 1323 1238 perniciosum
1338 1197 1398 1230 uel
1414 1198 1677 1232 defectuosum
1694 1200 1915 1242 reprobare,

278 1253 488 1287 consulcius
514 1252 669 1292 faceret,
702 1251 734 1284 si
762 1261 785 1284 a
815 1251 882 1283 tali
919 1251 1243 1293 dogmatizacione
1274 1251 1460 1285 lubricam
1496 1253 1627 1296 lingue
1656 1254 1852 1289 cohiberet
1879 1257 1917 1289 et

279 1309 421 1343 calamo
440 1307 637 1341 silencium
650 1307 874 1348 imponeret,
888 1305 948 1339 vel
963 1306 994 1338 si
1014 1307 1086 1338 sibi
1104 1306 1274 1348 placeret
1290 1315 1465 1340 excessus
1484 1317 1626 1349 earum,
1645 1310 1676 1342 si
1695 1310 1759 1352 qui
1775 1311 1914 1351 forent,

281 1364 479 1405 ordinarijs
495 1362 665 1395 locorum
682 1361 926 1404 corrigendos
946 1362 1125 1402 deferret,
1142 1371 1188 1395 ne
1204 1371 1273 1404 per
1288 1363 1475 1396 incautam
1499 1363 1735 1398 locucionem
1755 1366 1912 1406 maiora,

282 1429 354 1463 que
370 1420 416 1453 ad
433 1419 513 1452 eius
530 1417 816 1460 correpcionem
829 1426 903 1449 non
922 1418 1103 1459 spectant,
1129 1419 1379 1459 presumendo
1392 1420 1566 1453 videatur
1582 1420 1621 1453 in
1634 1420 1757 1453 celum
1772 1430 1913 1463 ponere

282 1486 323 1509 os
339 1484 448 1508 suum
464 1474 596 1517 lingua
608 1473 688 1506 eius
712 1473 932 1506 transeunte
945 1482 1060 1515 super
1074 1474 1215 1506 terram
1241 1475 1373 1507 contra
1388 1474 1427 1507 id
1451 1475 1550 1516 quod
1566 1475 1710 1518 legitur
1732 1477 1809 1518 xxj.
1829 1477 1861 1509 d.
1879 1486 1912 1509 c.

280 1531 493 1569 Inmatura,
507 1538 593 1562 cum
608 1528 721 1562 facile
739 1528 785 1561 ad
802 1528 943 1561 dictum
969 1528 1080 1561 unius
1109 1530 1288 1570 sequatur
1311 1528 1512 1563 multitudo
1541 1531 1580 1563 et
1606 1531 1850 1573 pertrahatur
1874 1531 1914 1565 in

282 1595 451 1622 errorem
473 1586 579 1619 iuxta
600 1583 695 1617 illud
722 1584 856 1626 poete:
885 1584 1000 1617 Fama
1030 1583 1178 1626 repleta
1214 1584 1323 1617 malis
1346 1585 1512 1619 velocius
1546 1586 1673 1620 euolat
1700 1586 1916 1630 alis3fama

283 1643 371 1676 boni
398 1641 501 1675 lente
523 1639 640 1680 uolat,
669 1639 815 1672 inuidia
841 1639 1043 1672 renitente.
1077 1639 1192 1672 Notat
1218 1639 1453 1673 Guilhelmus
1479 1641 1526 1674 de
1559 1641 1687 1675 Monte
1717 1642 1913 1683 Lauduno,

285 1699 403 1732 extra.
433 1697 479 1730 de
506 1695 720 1738 priuilegijs
751 1704 784 1726 c.
810 1703 924 1736 super
954 1695 1069 1727 verbo
1102 1693 1336 1728 Detrahatur
1351 1695 1391 1728 in
1409 1695 1675 1738 Clementinis3
1705 1697 1772 1730 ubi
1795 1696 1917 1730 eciam

284 1753 420 1787 recitat
440 1752 500 1786 Jo.
519 1751 615 1784 And.
645 1748 813 1782 Tullium
837 1749 977 1782 dixisse
1006 1749 1053 1782 ad
1071 1749 1277 1783 Salustium
1296 1760 1304 1782 :
1331 1750 1427 1793 Sepe
1450 1751 1527 1784 vidi
1543 1752 1700 1794 grauius
1724 1752 1916 1786 offendere

286 1807 430 1840 animos
447 1803 660 1838 auditorum
673 1811 749 1843 θος,
764 1803 829 1844 qui
846 1802 971 1836 aliena
983 1803 1082 1836 vicia
1107 1803 1237 1845 aperte
1254 1803 1443 1844 dixerunt,
1461 1813 1573 1846 quam
1596 1813 1660 1838 eos
1677 1804 1742 1847 qui
1765 1805 1917 1839 commi-

286 1862 439 1903 serunt3
473 1859 680 1893 deteriores
706 1858 808 1892 enim
842 1859 940 1898 sunt,
982 1859 1046 1900 qui
1082 1859 1266 1891 bonorum
1290 1859 1405 1892 vitam
1439 1868 1638 1902 moresque
1670 1861 1917 1903 corrumpunt

286 1917 371 1959 hijs,
397 1915 461 1957 qui
492 1914 724 1948 substancias
752 1913 913 1947 aliorum
938 1914 1147 1956 prediaque
1171 1914 1368 1957 diripiunt,
1397 1915 1486 1957 quia
1509 1914 1567 1948 illi
1599 1916 1736 1949 bonam
1762 1917 1915 1958 famam,

289 1980 361 2013 que
377 1971 434 2004 est
446 1970 522 2002 vita
538 1969 675 2010 anime,
693 1968 931 2008 subtrahunt,
947 1968 1009 2010 alij
1025 1978 1113 2002 vero
1132 1968 1313 2003 alimenta
1326 1971 1510 2012 corporis.
1524 1970 1581 2003 Vi.
1597 1980 1632 2012 q.
1646 1970 1678 2003 1.
1696 1970 1915 2005 Deteriores.

291 2025 501 2059 Detrahere
525 2025 624 2057 enim
641 2024 784 2066 species
809 2023 999 2065 homicidij
1019 2025 1086 2057 est.
1106 2025 1161 2057 De
1174 2025 1389 2066 penitencia
1404 2025 1454 2058 di.
1482 2026 1512 2058 l.
1533 2035 1563 2058 c.
1597 2024 1850 2060 homicidium.
1869 2026 1919 2060 Et

291 2082 442 2114 tenetur
465 2080 654 2113 detractor
670 2078 716 2111 ad
732 2079 1015 2112 restitucionem
1038 2080 1138 2112 fame
1155 2080 1220 2120 eis,
1252 2080 1386 2121 quibus
1403 2080 1579 2122 detraxit,
1593 2089 1662 2122 per
1685 2081 1812 2114 omnia
1833 2081 1917 2114 loca

291 2136 356 2169 ubi
372 2134 630 2168 huiuscemodi
654 2134 970 2167 detractacionem
993 2134 1203 2175 publicauit
1228 2136 1266 2168 et
1295 2135 1398 2175 alibi,
1429 2135 1494 2167 ubi
1514 2135 1670 2168 infamia
1687 2135 1916 2176 conuolauit,

292 2191 497 2224 secundum
520 2188 783 2222 Gwilhelmum
806 2189 852 2221 de
878 2189 978 2222 Mon.
1000 2189 1091 2222 Lau.
1121 2189 1160 2222 in
1177 2190 1276 2222 dicto
1295 2199 1328 2223 c.
1347 2189 1469 2232 primo
1494 2191 1614 2223 extra.
1643 2190 1689 2224 de
1708 2189 1858 2232 priuile.
1878 2189 1918 2222 in

295 2246 475 2279 Clement.
491 2245 588 2278 Satis
604 2245 643 2277 in
667 2244 737 2276 hoc
761 2245 974 2284 concordat,
1003 2245 1102 2286 quod
1118 2247 1247 2278 noster
1261 2245 1347 2279 Joh.
1367 2246 1406 2278 in
1422 2254 1568 2279 summa
1586 2247 1685 2279 conf.
1704 2245 1744 2279 li.
1763 2245 1807 2288 ijo
1822 2245 1866 2278 ti.
1881 2255 1916 2278 v·

295 2299 342 2332 de
355 2298 566 2340 raptoribus
583 2297 649 2330 sub
674 2297 826 2330 rubrica
849 2298 894 2330 de
919 2298 1209 2338 detractacione‚
1236 2308 1271 2340 q.
1291 2299 1350 2340 cij.

340 2354 523 2387 Preterea
560 2353 617 2385 est
647 2353 734 2385 nota
757 2352 927 2395 dignum,
952 2353 1050 2394 quod
1074 2354 1192 2386 status
1222 2363 1430 2396 pauperum
1468 2353 1666 2395 utriusque
1693 2362 1816 2393 sexuS,
1854 2352 1918 2394 qui

297 2407 492 2442 humiliter
516 2408 554 2441 et
579 2407 735 2441 honeste
759 2408 799 2440 in
821 2409 1042 2450 paupertate
1073 2409 1111 2441 et
1133 2409 1305 2442 castitate
1331 2409 1475 2450 viuunt,
1500 2408 1678 2442 ecclesias
1695 2409 1831 2442 deuote
1843 2409 1917 2441 fre-

297 2464 490 2504 quentant,
509 2463 680 2495 Romane
696 2461 855 2496 ecclesie
873 2464 911 2496 et
937 2472 1069 2496 eorum
1096 2464 1236 2497 curatis
1253 2464 1291 2498 et
1313 2463 1469 2506 prelatis
1485 2465 1708 2498 reuerenter
1725 2463 1917 2503 obediunt,

298 2517 412 2551 nullis
449 2518 641 2551 erroribus
680 2526 720 2550 se
754 2517 995 2558 inuoluendo,
1033 2519 1098 2551 sed
1128 2519 1260 2552 intime
1292 2519 1461 2552 caritatis
1490 2527 1617 2553 amore
1651 2519 1723 2552 sibi
1754 2519 1919 2552 inuicem

298 2573 497 2606 seruiendo
520 2582 563 2606 ac
592 2572 848 2606 desiderantes
872 2572 1189 2616 quamplurimum
1218 2574 1329 2607 simul
1362 2584 1404 2608 ac
1431 2575 1596 2608 inuicem
1626 2575 1666 2608 in
1694 2572 1919 2607 humilitatis

298 2628 433 2669 spiritu
449 2627 642 2661 Altissimo
655 2627 844 2668 famulari,
863 2629 900 2661 et
924 2638 999 2661 non
1015 2629 1115 2662 cadit
1132 2630 1199 2662 sub
1217 2629 1479 2671 prohibicione
1496 2629 1779 2662 constitucionis
1796 2629 1918 2662 extra-

298 2683 472 2726 uagantis
504 2682 689 2716 Johannis
727 2683 817 2724 xxij,
847 2693 919 2725 que
942 2684 1075 2726 incipit
1100 2683 1237 2718 Sancta
1266 2684 1452 2725 Romana,
1486 2685 1574 2726 quia
1601 2684 1824 2717 constitucio
1851 2682 1920 2716 illa

299 2738 476 2779 reprobat
489 2739 630 2771 certam
646 2739 786 2771 sectam
803 2747 868 2772 seu
885 2739 1001 2771 ritum
1017 2748 1158 2779 eorum,
1178 2739 1242 2780 qui
1259 2740 1399 2781 absque
1417 2739 1576 2773 licencia
1592 2739 1691 2773 sedis
1714 2737 1919 2781 apostolice

299 2792 338 2825 in
355 2793 542 2825 communi
561 2792 812 2836 collegialiter
828 2794 954 2827 viuere
974 2794 1089 2827 ritum
1120 2803 1217 2827 noue
1239 2794 1439 2837 religionis
1465 2795 1700 2835 assumendo,
1726 2793 1919 2827 conuenti-

301 2846 385 2880 cula
397 2847 530 2881 illicita
545 2848 670 2881 facere
687 2848 725 2881 et
737 2849 950 2890 superiores
967 2849 1038 2881 sibi
1062 2848 1206 2891 eligere
1229 2850 1462 2891 presumunt,
1490 2850 1532 2881 ut
1562 2857 1609 2882 ex
1636 2849 1735 2882 serie
1751 2848 1919 2882 eiusdem

300 2902 583 2934 constitucionis
599 2902 717 2935 lacius
734 2902 928 2945 colligitur
945 2914 954 2945 3
975 2903 1087 2937 hodie
1112 2912 1200 2936 vero
1224 2905 1379 2946 possunt
1404 2903 1676 2946 archiepiscopi
1692 2904 1730 2936 et
1753 2902 1918 2946 episcopi

298 2956 466 2990 locorum
478 2957 702 2991 auctoritate
718 2966 814 3000 pape
827 2958 1032 2993 concedere
1045 2958 1243 2993 licenciam
1260 2959 1406 2993 deuotis
1421 2960 1458 2994 et
1470 2959 1732 2994 innocentibus
1744 2958 1918 3002 pauperi-
