2050 3470
305 305 367 338 154
942 299 1079 335 ANNO
1105 298 1290 333 1393-1394

351 415 460 453 Item,
483 413 514 446 si
539 412 665 454 aliqua
688 411 917 445 contrarium
941 410 1083 444 faceret
1110 411 1148 443 et
1173 409 1317 443 Martho
1334 410 1372 442 in
1401 409 1613 444 huiusmodi
1643 418 1716 442 non
1744 408 1926 449 obediret,

310 471 346 502 in
361 467 524 511 capitulo
539 476 663 500 coram
681 467 852 500 omnibus
880 465 964 499 aliis
991 465 1182 498 sororibus
1210 464 1498 507 reprehenditur
1521 466 1569 505 et,
1597 464 1668 497 nisi
1685 463 1854 505 desistat,
1881 463 1927 496 de

309 526 417 557 domo
435 532 480 556 ex
510 522 650 556 ellitur.

352 576 459 613 Item,
484 532 601 616 guum
634 573 852 607 licentiatur
878 573 933 606 ire
958 573 1003 605 ad
1031 572 1315 612 confessionem,
1342 572 1530 605 interdum
1559 570 1707 605 Martha
1730 569 1926 610 audiverit,

310 632 398 663 tunc
423 631 601 663 informat
618 638 680 662 eas
698 628 860 670 qualiter
876 627 947 660 hoc
963 627 1149 661 sacerdoti
1166 627 1337 660 confiteri
1354 627 1513 660 debeant
1529 629 1566 660 et
1582 636 1655 660 non
1673 626 1796 660 aliter.

354 686 449 718 Item
467 686 504 717 in
535 685 633 717 bona
657 684 754 717 foria
778 684 908 725 quinta
935 682 1128 716 celebrant
1158 692 1288 715 cenam
1312 684 1349 715 et
1376 682 1547 715 lavantur
1573 682 1686 724 pedes
1714 689 1884 714 sororum
1908 689 1930 713 a

310 740 460 773 Martha
485 742 648 773 0150101ἱ
665 739 710 771 ad
739 738 809 771 1100
836 739 1014 780 deputata
1037 737 1131 780 legit
1155 746 1367 770 sermonem
1394 738 1619 770 dominicam
1646 737 1684 769 in
1712 735 1860 779 vulgari
1884 735 1930 768 ad

308 795 458 828 modum
484 793 761 836 religiosorum.

352 851 447 883 Item
488 858 601 891 quum
631 848 759 889 aliqua
793 857 900 881 soror
926 848 1005 881 vult
1034 850 1142 882 extra
1175 849 1321 890 tempus
1345 857 1540 882 commune
1565 847 1735 881 confiteri
1760 847 1931 880 omnibus

308 905 500 937 sororibus
513 905 552 936 in
570 903 751 946 generali,
774 904 862 936 tunc
887 912 1056 937 omnes...
1072 906 1113 937 ut
1136 904 1429 946 preconfiteatur
1444 904 1593 938 Marthe
1607 904 1644 937 et
1659 904 1731 936 due
1748 903 1794 936 de
1811 902 1930 936 senio·

308 961 411 993 ribus
436 960 566 992 domus
580 961 732 992 monent
750 968 832 992 eam
847 959 891 992 ad
905 959 1170 1000 confitendum,
1185 961 1303 993 eciam
1320 961 1351 992 si
1365 961 1462 993 esset
1478 958 1733 992 homicidium.

353 1014 448 1047 Item
466 1024 540 1047 una
557 1015 660 1047 stetit
678 1015 716 1047 in
730 1015 1028 1057 congregatione
1046 1023 1175 1047 earum
1193 1015 1230 1047 in
1256 1016 1363 1049 Rene
1377 1016 1414 1048 et
1431 1015 1503 1048 ista
1515 1015 1560 1048 de
1574 1024 1686 1048 causa
1707 1011 1864 1046 recessit
1887 1009 1932 1043 ab

309 1070 374 1102 cis.
395 1070 490 1102 Nam
507 1078 590 1102 cum
604 1069 719 1102 semel
734 1069 954 1111 angiaretur
967 1078 988 1102 a
1006 1069 1158 1102 Martha
1171 1071 1208 1103 et
1226 1070 1310 1103 aliis
1327 1071 1372 1103 ad
1396 1070 1717 1112 preconfitendum
1731 1070 1879 1104 Marthe
1897 1072 1936 1104 et

308 1125 361 1157 ita
382 1125 544 1165 fecisset,
570 1126 716 1158 invenit
737 1125 868 1166 postea
892 1125 991 1166 quod
1018 1125 1097 1165 illa,
1116 1134 1188 1166 que
1206 1126 1273 1158 sub
1291 1127 1435 1159 secreto
1453 1125 1700 1158 confessionis
1715 1124 1774 1158 illi
1792 1125 1933 1160 revela-

308 1181 373 1221 vit,
401 1181 486 1214 aliis
504 1180 697 1212 sororibus
724 1180 762 1212 in
780 1178 932 1221 publica
954 1188 1085 1213 mensa
1114 1180 1221 1213 dixit.
1247 1180 1295 1213 Et
1318 1189 1426 1213 casus
1448 1179 1506 1213 illi
1519 1180 1591 1212 fuit
1614 1180 1667 1213 ita
1683 1180 1821 1223 gravis,
1836 1181 1935 1222 quod

309 1236 467 1278 simplex
494 1235 671 1268 sacerdos
697 1244 771 1267 non
797 1235 922 1276 potuit
948 1243 1031 1268 eam
1059 1234 1267 1275 absolvere,
1296 1236 1353 1268 set
1382 1235 1454 1268 fuit
1477 1235 1635 1268 remissa
1661 1235 1708 1268 ad
1734 1234 1935 1270 habentem

309 1290 574 1324 auctoritatem
587 1290 781 1323 dioecesis.

353 1346 449 1379 Item
473 1355 557 1378 cum
581 1347 734 1378 curatus
761 1346 800 1378 in
831 1346 938 1379 Rene
976 1346 1226 1380 intellexisset
1248 1347 1294 1380 de
1321 1346 1534 1380 huiusmodi
1561 1345 1865 1388 preconfessione
1895 1345 1934 1379 et

312 1401 485 1434 Marthen
517 1401 562 1433 de
587 1400 658 1433 1100
681 1401 942 1444 redargueret,
960 1402 1154 1444 respondit
1181 1401 1342 1442 Martha,
1372 1402 1470 1443 quod
1497 1401 1652 1444 propter
1677 1400 1749 1434 hoc
1774 1402 1929 1442 faceret,

312 1456 410 1496 quod
427 1464 575 1488 sorores
592 1457 717 1488 essent
741 1455 894 1489 iuvenes
920 1458 957 1489 et
973 1456 1019 1489 de
1035 1456 1139 1489 facili
1155 1458 1307 1499 possent
1331 1457 1529 1499 concipere
1542 1456 1732 1489 carnalem
1755 1457 1932 1490 affectum

311 1511 357 1543 ad
370 1512 602 1543 confessores
616 1511 719 1543 etsie
735 1511 856 1554 magis
872 1511 929 1544 ire
943 1512 988 1544 ad
1005 1512 1261 1545 confitendum
1273 1521 1319 1545 ex
1336 1512 1490 1546 levitate
1507 1521 1618 1554 quam
1634 1521 1681 1545 ex
1694 1511 1930 1552 necessitate,

308 1575 391 1598 cum
408 1565 549 1598 vellent
565 1566 674 1605 scire,
693 1566 724 1598 si
741 1565 852 1607 culpa
877 1568 978 1599 esset
994 1567 1094 1607 talis,
1120 1576 1231 1608 quam
1256 1568 1366 1601 esset.

350 1622 446 1655 Item
463 1623 708 1665 interrogatis
725 1624 770 1656 ab
785 1623 985 1665 aliquibUS,
1001 1631 1047 1655 an
1065 1622 1231 1664 aliquam
1248 1623 1418 1656 facerent
1434 1623 1719 1664 professionem,
1733 1623 1931 1669 responde-

308 1679 396 1710 runt
423 1677 522 1719 quod
546 1678 736 1710 nescirent
753 1678 798 1711 de
822 1678 1068 1720 professione,
1095 1678 1151 1711 set
1179 1687 1263 1710 cum
1286 1678 1367 1720 ipse
1397 1678 1556 1711 fuissent
1583 1686 1650 1719 per
1680 1687 1847 1712 mensem
1873 1677 1933 1712 vel

309 1733 409 1766 circa
425 1734 464 1765 in
478 1733 601 1775 domo,
619 1734 708 1766 tunc
722 1734 849 1767 senior
866 1743 974 1766 soror
990 1735 1026 1766 et
1042 1733 1232 1775 potentior
1244 1735 1328 1775 post
1345 1733 1533 1766 Martham
1546 1733 1641 1766 dixit
1665 1733 1731 1773 eis,
1757 1733 1934 1775 quoniam

310 1789 594 1830 deliberassent,
609 1797 655 1821 an
672 1788 813 1822 vellent
830 1798 915 1822 cum
934 1789 988 1821 eis
1004 1797 1170 1828 manere,
1196 1789 1234 1822 et
1248 1797 1427 1831 responso
1451 1797 1519 1830 per
1535 1789 1625 1821 istas
1643 1788 1740 1830 quod
1756 1788 1822 1829 sic,
1840 1788 1935 1821 dixit

310 1843 378 1876 illa
393 1853 400 1875 :
429 1857 442 1873 α
464 1843 501 1876 Si
515 1843 627 1876 vultis
642 1844 835 1876 nobiscum
853 1852 1017 1883 manere,
1033 1844 1222 1885 oportebit
1237 1854 1301 1876 vos
1327 1844 1581 1877 ordinationes
1595 1844 1725 1876 domus
1749 1853 1833 1876 cum
1849 1843 1934 1877 aliis

311 1898 503 1931 sororibus
519 1898 761 1932 uniformiter
779 1899 978 1931 observare
996 1910 1008 1926 n
1026 1908 1035 1940 3
1061 1899 1099 1931 et
1121 1898 1317 1940 proposuit
1340 1898 1394 1931 eis
1418 1898 1626 1940 punctatim
1643 1906 1770 1931 omnes
1793 1897 1935 1931 articu-

312 1952 368 1985 los
393 1953 642 1995 supradictos,
670 1955 707 1986 et
735 1954 806 1986 iste
830 1953 1012 1986 dixissent
1040 1953 1138 1994 quod
1166 1953 1329 1986 libenter
1358 1952 1525 1995 vellent3
1550 1954 1640 1986 tunc
1662 1952 1856 1995 prohibuit
1872 1962 1936 1986 eas

313 2008 410 2049 quod
435 2007 503 2040 ulli
520 2017 685 2050 unquam
709 2009 799 2041 istas
827 2008 1081 2042 ordinationes
1105 2007 1330 2048 revelarent,
1359 2008 1433 2040 nisi
1457 2008 1556 2041 esset
1578 2007 1623 2041 de
1651 2008 1759 2041 domo
1785 2007 1844 2041 vel
1861 2007 1937 2041 alia

313 2063 464 2095 domino
481 2061 738 2096 Werimboldo
756 2063 924 2096 subiecta
939 2071 1008 2096 nec
1024 2063 1138 2096 etiam
1155 2062 1361 2096 confessori
1379 2072 1445 2095 suo
1461 2073 1469 2103 3
1488 2063 1525 2096 et
1549 2072 1634 2096 011111
1656 2072 1732 2096 una
1751 2063 1907 2096 dixisset
1925 2072 1933 2095 ε

314 2130 327 2146 α
348 2117 387 2150 Si
400 2118 472 2150 ista
486 2120 571 2152 sunt
585 2118 638 2151 ita
654 2119 752 2151 bona
768 2119 865 2151 sicut
879 2118 1016 2160 dicitis,
1031 2118 1129 2159 quod
1146 2118 1194 2150 sit
1211 2117 1371 2150 similior
1386 2118 1464 2151 vita
1480 2118 1553 2151 vite
1571 2117 1710 2151 Christi
1727 2118 1764 2151 et
1787 2118 1936 2160 aposto-

313 2172 436 2204 lorum
452 2182 563 2214 quam
588 2174 654 2213 sic,
684 2182 799 2215 quare
816 2174 906 2206 tunc
922 2183 995 2205 non
1023 2174 1176 2215 possent
1199 2173 1273 2205 dici
1299 2173 1505 2207 clericisce»
1530 2173 1725 2215 respondit
1747 2172 1815 2206 illa
1837 2173 1936 2214 quod

314 2227 424 2260 multi
441 2229 527 2260 sunt
540 2228 627 2261 boni
641 2228 796 2271 literati,
821 2229 878 2261 set
902 2237 975 2260 non
992 2227 1132 2261 habent
1162 2237 1334 2270 saporem
1357 2228 1641 2270 scripturarum,
1666 2229 1821 2270 propter
1843 2227 1937 2261 haee

316 2291 389 2314 non
406 2282 555 2315 videtur
568 2283 622 2316 eis
647 2283 700 2315 ita
717 2284 854 2316 bonum
872 2283 970 2315 sicut
993 2283 1062 2315 est.
1087 2282 1136 2315 Et
1158 2283 1212 2315 510
1234 2282 1383 2322 111011115,
1409 2284 1508 2316 esset
1525 2283 1623 2324 quod
1639 2292 1713 2316 non
1729 2282 1880 2316 scirent.

358 2336 466 2376 Item,
485 2347 569 2370 cum
595 2338 666 2370 due
683 2347 728 2371 ex
755 2339 1029 2380 antiquioribus
1058 2339 1250 2372 sororibus
1274 2339 1508 2372 recesserant
1531 2347 1553 2372 a
1575 2338 1871 2381 congregatione
1897 2338 1936 2371 in

314 2391 421 2425 Rene
434 2394 589 2434 propter
604 2393 910 2428 informationem
926 2395 1064 2436 prioris
1076 2394 1352 2428 carthusiensis
1367 2395 1678 2436 Arvernonensis‚
1697 2394 1761 2436 qui
1774 2394 1870 2426 dixit
1883 2394 1937 2427 eis

315 2447 570 2480 observantias
597 2449 785 2490 predictas
813 2459 898 2482 cum
926 2450 1076 2483 statutis
1101 2449 1262 2483 ecclesie
1291 2449 1506 2483 nullatenus
1529 2458 1639 2491 posse
1656 2450 1768 2489 stare,
1794 2449 1832 2482 et
1853 2457 1936 2491 pre-

315 2501 413 2534 dicte
427 2502 498 2535 due
517 2512 664 2536 sorores
678 2504 799 2537 adhuc
815 2505 854 2537 in
871 2505 1166 2547 congregatione
1179 2505 1395 2544 existentes,
1421 2514 1501 2537 cum
1515 2504 1630 2537 semel
1649 2504 1814 2537 Traiecti
1826 2512 1939 2537 causa

317 2556 544 2590 informandi
561 2567 583 2590 a
605 2558 831 2601 iurisperitis
859 2560 1018 2593 inissent
1037 2561 1074 2592 et
1098 2568 1225 2593 secum
1242 2560 1499 2593 observantias
1522 2559 1710 2601 predictas
1725 2558 1939 2601 portassent

315 2612 354 2643 in
372 2613 533 2654 scriptis,
560 2614 597 2646 et
619 2613 690 2647 hoc
718 2615 890 2647 dominus
906 2614 1185 2648 Werimboldus
1208 2615 1420 2657 percipiens
1436 2614 1589 2647 interim
1612 2614 1716 2647 misit
1730 2613 1938 2656 Alheydem

318 2667 449 2699 Cluten
466 2667 651 2701 Martham
675 2669 721 2702 de
738 2669 912 2702 Traiecto
937 2678 1055 2711 usque
1079 2670 1239 2710 Renem,
1257 2679 1329 2711 que
1346 2670 1525 2703 animavit
1541 2669 1634 2702 alias
1659 2678 1807 2703 sorores
1824 2678 1867 2702 ac
1883 2670 1937 2703 eis

318 2723 517 2763 consuluit,
554 2726 596 2756 ut
618 2725 742 2766 potius
770 2726 913 2758 starent
940 2726 978 2758 in
1011 2726 1124 2758 verbo
1147 2726 1237 2758 dicti
1261 2725 1511 2759 Werimboldi
1539 2734 1650 2766 quam
1684 2725 1938 2766 cuiuscunque

318 2778 473 2811 alterius
498 2780 534 2811 et
558 2788 642 2811 cum
669 2779 942 2813 deliberassent
968 2781 1119 2813 omnino
1146 2780 1243 2814 velle
1275 2790 1415 2824 negare
1446 2781 1495 2820 et,
1525 2780 1556 2812 si
1588 2790 1680 2823 opus
1711 2780 1821 2822 esset,
1853 2789 1938 2813 011111

318 2833 541 2874 iuramento,
560 2835 658 2875 quod
675 2834 769 2868 tales
785 2835 1039 2869 ordinationes
1059 2845 1125 2869 seu
1142 2835 1416 2878 prohibitiones
1433 2836 1471 2868 in
1487 2836 1597 2868 domo
1622 2845 1696 2868 non
1719 2834 1878 2868 fuissent
1900 2835 1939 2868 et

320 2889 373 2920 sic
390 2889 591 2921 evaderent
603 2890 858 2923 turbationem
872 2901 880 2931 3
896 2891 934 2923 et
949 2899 1034 2924 cum
1047 2891 1167 2924 dictus
1182 2890 1463 2924 'Werimboldus
1475 2890 1546 2923 hoc
1559 2890 1804 2932 intelexisset,
1818 2889 1936 2923 dixit:

319 2956 333 2972 «ι
351 2943 388 2976 Si
402 2944 599 2984 iurassent,
618 2945 663 2977 de
677 2945 779 2978 facili
796 2954 947 2978 manum
969 2945 1045 2978 illis
1063 2954 1175 2988 super
1188 2947 1299 2988 caput
1315 2946 1635 2988 interposuissem.
1653 2958 1666 2975 ι

361 2998 456 3031 Item
473 2998 644 3032 dominus
678 2998 956 3034 Werimboldus
984 3001 1076 3034 dicit
1103 3002 1140 3034 et
1166 3002 1271 3034 tenet
1297 3010 1360 3035 eas
1386 3010 1455 3044 pro
1479 3001 1671 3044 apostatis,
1704 3009 1776 3044 que
1803 3001 1934 3036 contra

319 3053 549 3088 voluntatem
572 3054 689 3097 ipsius
713 3063 735 3089 a
757 3056 1114 3100 congregationibus
1138 3057 1328 3091 recedunt.
