<?xml version="1.0" encoding="UTF-8"?>
<!DOCTYPE html PUBLIC "-//W3C//DTD XHTML 1.0 Transitional//EN"
    "http://www.w3.org/TR/xhtml1/DTD/xhtml1-transitional.dtd">
<html xmlns="http://www.w3.org/1999/xhtml" xml:lang="en" lang="en">
 <head>
  <title>
</title>
<meta http-equiv="Content-Type" content="text/html;charset=utf-8" />
  <meta name='ocr-system' content='tesseract 3.04.00' />
  <meta name='ocr-capabilities' content='ocr_page ocr_carea ocr_par ocr_line ocrx_word'/>
</head>
<body>
  <div class='ocr_page' id='page_1' title='image "./corpusdocumentor02fruoft_0262.png"; bbox 0 0 2050 3470; ppageno 0'>
   <div class='ocr_carea' id='block_1_1' title="bbox 286 280 1216 322">
    <p class='ocr_par' dir='ltr' id='par_1_1' title="bbox 286 280 1216 322">
     <span class='ocr_line' id='line_1_1' title="bbox 286 280 1216 322; baseline -0.013 0"><span class='ocrx_word' id='word_1_1' title='bbox 286 291 348 322; x_wconf 61' lang='lat'>&#39;2232&#39;</span> <span class='ocrx_word' id='word_1_2' title='bbox 971 281 1105 314; x_wconf 79' lang='lat' dir='ltr'>ANNO</span> <span class='ocrx_word' id='word_1_3' title='bbox 1134 280 1216 312; x_wconf 67' lang='lat'><strong>1411&gt;</strong></span> 
     </span>
    </p>
   </div>
   <div class='ocr_carea' id='block_1_2' title="bbox 287 389 1934 2413">
    <p class='ocr_par' dir='ltr' id='par_1_2' title="bbox 287 389 1928 1866">
     <span class='ocr_line' id='line_1_2' title="bbox 287 389 1911 434; baseline -0.003 -4"><span class='ocrx_word' id='word_1_4' title='bbox 287 405 413 430; x_wconf 69' lang='lat' dir='ltr'>cunti-a</span> <span class='ocrx_word' id='word_1_5' title='bbox 449 404 481 427; x_wconf 65' lang='lat' dir='ltr'>vt</span> <span class='ocrx_word' id='word_1_6' title='bbox 517 396 696 426; x_wconf 68' lang='lat' dir='ltr'>aduersus</span> <span class='ocrx_word' id='word_1_7' title='bbox 735 393 922 433; x_wconf 63' lang='lat' dir='ltr'>prefatum</span> <span class='ocrx_word' id='word_1_8' title='bbox 949 391 1103 423; x_wconf 70' lang='lat' dir='ltr'>tratrem</span> <span class='ocrx_word' id='word_1_9' title='bbox 1129 389 1352 430; x_wconf 73' lang='lat' dir='ltr'>Serian‘arij,</span> <span class='ocrx_word' id='word_1_10' title='bbox 1389 390 1530 422; x_wconf 72' lang='lat' dir='ltr'>ordinis·</span> <span class='ocrx_word' id='word_1_11' title='bbox 1559 391 1676 423; x_wconf 77' lang='lat' dir='ltr'>sancti</span> <span class='ocrx_word' id='word_1_12' title='bbox 1708 391 1911 434; x_wconf 73' lang='lat' dir='ltr'><strong>Augustini</strong></span> 
     </span>
     <span class='ocr_line' id='line_1_3' title="bbox 289 444 1914 488; baseline -0.002 -2"><span class='ocrx_word' id='word_1_13' title='bbox 289 451 568 487; x_wconf 78' lang='lat' dir='ltr'>heremitarum,</span> <span class='ocrx_word' id='word_1_14' title='bbox 586 449 625 488; x_wconf 87' lang='lat' dir='ltr'>jn</span> <span class='ocrx_word' id='word_1_15' title='bbox 644 446 835 488; x_wconf 71' lang='lat' dir='ltr'>theologia</span> <span class='ocrx_word' id='word_1_16' title='bbox 852 445 1087 487; x_wconf 85' lang='lat' dir='ltr'>magistrum,</span> <span class='ocrx_word' id='word_1_17' title='bbox 1105 444 1150 477; x_wconf 83' lang='lat' dir='ltr'>de</span> <span class='ocrx_word' id='word_1_18' title='bbox 1163 445 1198 477; x_wconf 91' lang='lat' dir='ltr'>et</span> <span class='ocrx_word' id='word_1_19' title='bbox 1217 453 1329 486; x_wconf 86' lang='lat' dir='ltr'>super</span> <span class='ocrx_word' id='word_1_20' title='bbox 1343 444 1532 477; x_wconf 73' lang='lat' dir='ltr'>nonnullis</span> <span class='ocrx_word' id='word_1_21' title='bbox 1557 444 1725 478; x_wconf 70' lang='lat' dir='ltr'>articulis</span> <span class='ocrx_word' id='word_1_22' title='bbox 1743 447 1914 483; x_wconf 81' lang='lat' dir='ltr'>erroneis</span> 
     </span>
     <span class='ocr_line' id='line_1_4' title="bbox 288 499 1913 542; baseline -0.003 -2"><span class='ocrx_word' id='word_1_23' title='bbox 288 508 413 541; x_wconf 74' lang='lat' dir='ltr'>iulide</span> <span class='ocrx_word' id='word_1_24' title='bbox 439 503 599 537; x_wconf 76' lang='lat' dir='ltr'>ethonis</span> <span class='ocrx_word' id='word_1_25' title='bbox 618 502 794 542; x_wconf 80' lang='lat' dir='ltr'>moribus,</span> <span class='ocrx_word' id='word_1_26' title='bbox 825 499 1128 540; x_wconf 78' lang='lat' dir='ltr'>scandalosisque</span> <span class='ocrx_word' id='word_1_27' title='bbox 1161 500 1199 531; x_wconf 89' lang='lat' dir='ltr'>ct</span> <span class='ocrx_word' id='word_1_28' title='bbox 1230 499 1424 531; x_wconf 74' lang='lat' dir='ltr'>sediciosis</span> <span class='ocrx_word' id='word_1_29' title='bbox 1453 500 1565 540; x_wconf 85' lang='lat' dir='ltr'>atque</span> <span class='ocrx_word' id='word_1_30' title='bbox 1590 500 1737 541; x_wconf 86' lang='lat' dir='ltr'>piarum</span> <span class='ocrx_word' id='word_1_31' title='bbox 1765 501 1913 535; x_wconf 87' lang='lat' dir='ltr'>aurium</span> 
     </span>
     <span class='ocr_line' id='line_1_5' title="bbox 289 553 1914 599; baseline -0.002 -6"><span class='ocrx_word' id='word_1_32' title='bbox 289 560 494 599; x_wconf 57' lang='lat' dir='ltr'>mitens-iuis,</span> <span class='ocrx_word' id='word_1_33' title='bbox 513 566 637 589; x_wconf 83' lang='lat' dir='ltr'>corani</span> <span class='ocrx_word' id='word_1_34' title='bbox 655 555 794 598; x_wconf 87' lang='lat' dir='ltr'>populo</span> <span class='ocrx_word' id='word_1_35' title='bbox 819 554 1022 587; x_wconf 85' lang='lat' dir='ltr'>christiano</span> <span class='ocrx_word' id='word_1_36' title='bbox 1055 555 1092 586; x_wconf 89' lang='lat' dir='ltr'>et</span> <span class='ocrx_word' id='word_1_37' title='bbox 1116 554 1323 595; x_wconf 82' lang='lat' dir='ltr'>prouincia,</span> <span class='ocrx_word' id='word_1_38' title='bbox 1350 553 1504 587; x_wconf 85' lang='lat' dir='ltr'>ciuitate</span> <span class='ocrx_word' id='word_1_39' title='bbox 1523 555 1560 587; x_wconf 90' lang='lat' dir='ltr'>et</span> <span class='ocrx_word' id='word_1_40' title='bbox 1577 555 1716 587; x_wconf 78' lang='lat' dir='ltr'>diocesi</span> <span class='ocrx_word' id='word_1_41' title='bbox 1733 556 1914 597; x_wconf 75' lang='lat' dir='ltr'>predictis</span> 
     </span>
     <span class='ocr_line' id='line_1_6' title="bbox 291 609 1916 658; baseline 0 -14"><span class='ocrx_word' id='word_1_42' title='bbox 291 614 491 658; x_wconf 57' lang='lat' dir='ltr'>predii-atis</span> <span class='ocrx_word' id='word_1_43' title='bbox 530 613 568 645; x_wconf 85' lang='lat' dir='ltr'>et</span> <span class='ocrx_word' id='word_1_44' title='bbox 598 610 858 653; x_wconf 77' lang='lat' dir='ltr'>dogmatizatis</span> <span class='ocrx_word' id='word_1_45' title='bbox 886 609 1084 642; x_wconf 82' lang='lat' dir='ltr'>ventilatas</span> <span class='ocrx_word' id='word_1_46' title='bbox 1109 610 1220 650; x_wconf 88' lang='lat' dir='ltr'>atque</span> <span class='ocrx_word' id='word_1_47' title='bbox 1249 609 1382 650; x_wconf 87' lang='lat' dir='ltr'>motas,</span> <span class='ocrx_word' id='word_1_48' title='bbox 1404 609 1614 642; x_wconf 82' lang='lat' dir='ltr'>successiue</span> <span class='ocrx_word' id='word_1_49' title='bbox 1647 611 1916 644; x_wconf 88' lang='lat' dir='ltr'>commiserunt</span> 
     </span>
     <span class='ocr_line' id='line_1_7' title="bbox 289 663 1916 710; baseline -0.002 -8"><span class='ocrx_word' id='word_1_50' title='bbox 289 670 402 703; x_wconf 76' lang='lat' dir='ltr'>certis</span> <span class='ocrx_word' id='word_1_51' title='bbox 418 668 604 710; x_wconf 83' lang='lat' dir='ltr'>judicibus</span> <span class='ocrx_word' id='word_1_52' title='bbox 630 675 742 707; x_wconf 88' lang='lat' dir='ltr'>super</span> <span class='ocrx_word' id='word_1_53' title='bbox 767 665 1061 705; x_wconf 85' lang='lat' dir='ltr'>quibuscumque</span> <span class='ocrx_word' id='word_1_54' title='bbox 1087 663 1296 703; x_wconf 82' lang='lat' dir='ltr'>liei-esibus,</span> <span class='ocrx_word' id='word_1_55' title='bbox 1325 664 1363 696; x_wconf 86' lang='lat' dir='ltr'>et</span> <span class='ocrx_word' id='word_1_56' title='bbox 1390 663 1606 705; x_wconf 79' lang='lat' dir='ltr'>specialiter</span> <span class='ocrx_word' id='word_1_57' title='bbox 1631 673 1744 706; x_wconf 87' lang='lat' dir='ltr'>super</span> <span class='ocrx_word' id='word_1_58' title='bbox 1760 666 1862 699; x_wconf 85' lang='lat' dir='ltr'>secta</span> <span class='ocrx_word' id='word_1_59' title='bbox 1877 666 1916 699; x_wconf 81' lang='lat' dir='ltr'>et</span> 
     </span>
     <span class='ocr_line' id='line_1_8' title="bbox 291 717 1918 762; baseline -0.002 -5"><span class='ocrx_word' id='word_1_60' title='bbox 291 725 384 758; x_wconf 77' lang='lat' dir='ltr'>salsa</span> <span class='ocrx_word' id='word_1_61' title='bbox 398 723 570 755; x_wconf 83' lang='lat' dir='ltr'>doctrina</span> <span class='ocrx_word' id='word_1_62' title='bbox 583 722 770 753; x_wconf 84' lang='lat' dir='ltr'>dictorum</span> <span class='ocrx_word' id='word_1_63' title='bbox 786 719 972 752; x_wconf 57' lang='lat' dir='ltr'>,Iohannis</span> <span class='ocrx_word' id='word_1_64' title='bbox 992 717 1150 753; x_wconf 83' lang='lat' dir='ltr'>Wiclefs</span> <span class='ocrx_word' id='word_1_65' title='bbox 1164 722 1201 751; x_wconf 86' lang='lat' dir='ltr'>et</span> <span class='ocrx_word' id='word_1_66' title='bbox 1217 718 1402 751; x_wconf 70' lang='lat' dir='ltr'>dohannis</span> <span class='ocrx_word' id='word_1_67' title='bbox 1422 717 1534 758; x_wconf 78' lang='lat' dir='ltr'>Huss,</span> <span class='ocrx_word' id='word_1_68' title='bbox 1553 719 1788 761; x_wconf 86' lang='lat' dir='ltr'>generaliter</span> <span class='ocrx_word' id='word_1_69' title='bbox 1805 720 1918 762; x_wconf 84' lang='lat' dir='ltr'>depu-</span> 
     </span>
     <span class='ocr_line' id='line_1_9' title="bbox 291 773 1918 818; baseline -0.004 -5"><span class='ocrx_word' id='word_1_70' title='bbox 291 781 389 818; x_wconf 80' lang='lat' dir='ltr'>tatis,</span> <span class='ocrx_word' id='word_1_71' title='bbox 415 788 457 811; x_wconf 82' lang='lat' dir='ltr'>ac</span> <span class='ocrx_word' id='word_1_72' title='bbox 490 778 603 810; x_wconf 86' lang='lat' dir='ltr'>etiam</span> <span class='ocrx_word' id='word_1_73' title='bbox 637 784 766 807; x_wconf 88' lang='lat' dir='ltr'>omnes</span> <span class='ocrx_word' id='word_1_74' title='bbox 798 775 836 807; x_wconf 86' lang='lat' dir='ltr'>et</span> <span class='ocrx_word' id='word_1_75' title='bbox 874 773 1042 816; x_wconf 84' lang='lat' dir='ltr'>singulas</span> <span class='ocrx_word' id='word_1_76' title='bbox 1081 783 1211 806; x_wconf 86' lang='lat' dir='ltr'>causas</span> <span class='ocrx_word' id='word_1_77' title='bbox 1247 782 1513 814; x_wconf 83' lang='lat' dir='ltr'>quascumque,</span> <span class='ocrx_word' id='word_1_78' title='bbox 1554 782 1645 815; x_wconf 88' lang='lat' dir='ltr'>quas</span> <span class='ocrx_word' id='word_1_79' title='bbox 1684 773 1918 807; x_wconf 86' lang='lat' dir='ltr'>honorabilis</span> 
     </span>
     <span class='ocr_line' id='line_1_10' title="bbox 292 828 1920 877; baseline -0.003 -9"><span class='ocrx_word' id='word_1_80' title='bbox 292 835 472 877; x_wconf 84' lang='lat' dir='ltr'>magister</span> <span class='ocrx_word' id='word_1_81' title='bbox 488 830 648 865; x_wconf 84' lang='lat' dir='ltr'>Michael</span> <span class='ocrx_word' id='word_1_82' title='bbox 675 831 720 862; x_wconf 84' lang='lat' dir='ltr'>de</span> <span class='ocrx_word' id='word_1_83' title='bbox 748 830 874 862; x_wconf 81' lang='lat' dir='ltr'>Broda</span> <span class='ocrx_word' id='word_1_84' title='bbox 901 828 1177 867; x_wconf 82' lang='lat' dir='ltr'>Theutonicali,</span> <span class='ocrx_word' id='word_1_85' title='bbox 1207 830 1401 869; x_wconf 88' lang='lat' dir='ltr'>promotor</span> <span class='ocrx_word' id='word_1_86' title='bbox 1429 829 1466 861; x_wconf 91' lang='lat' dir='ltr'>et</span> <span class='ocrx_word' id='word_1_87' title='bbox 1497 829 1699 871; x_wconf 76' lang='lat' dir='ltr'>instigator</span> <span class='ocrx_word' id='word_1_88' title='bbox 1722 838 1920 863; x_wconf 86' lang='lat' dir='ltr'>causarum</span> 
     </span>
     <span class='ocr_line' id='line_1_11' title="bbox 292 882 1918 927; baseline -0.003 -4"><span class='ocrx_word' id='word_1_89' title='bbox 292 888 518 927; x_wconf 88' lang='lat' dir='ltr'>huiusmodi,</span> <span class='ocrx_word' id='word_1_90' title='bbox 537 888 668 919; x_wconf 83' lang='lat' dir='ltr'>contra</span> <span class='ocrx_word' id='word_1_91' title='bbox 692 884 843 917; x_wconf 84' lang='lat' dir='ltr'>eosdem</span> <span class='ocrx_word' id='word_1_92' title='bbox 862 884 1049 916; x_wconf 85' lang='lat' dir='ltr'>hereticos</span> <span class='ocrx_word' id='word_1_93' title='bbox 1066 893 1131 916; x_wconf 93' lang='lat' dir='ltr'>seu</span> <span class='ocrx_word' id='word_1_94' title='bbox 1149 883 1194 915; x_wconf 91' lang='lat' dir='ltr'>de</span> <span class='ocrx_word' id='word_1_95' title='bbox 1211 882 1337 916; x_wconf 85' lang='lat' dir='ltr'>heresi</span> <span class='ocrx_word' id='word_1_96' title='bbox 1368 884 1560 924; x_wconf 88' lang='lat' dir='ltr'>suspectos</span> <span class='ocrx_word' id='word_1_97' title='bbox 1578 892 1734 917; x_wconf 87' lang='lat' dir='ltr'>mouere</span> <span class='ocrx_word' id='word_1_98' title='bbox 1751 884 1918 918; x_wconf 84' lang='lat' dir='ltr'>intende-</span> 
     </span>
     <span class='ocr_line' id='line_1_12' title="bbox 294 937 1922 983; baseline -0.001 -9"><span class='ocrx_word' id='word_1_99' title='bbox 294 946 367 983; x_wconf 76' lang='lat' dir='ltr'>bat,</span> <span class='ocrx_word' id='word_1_100' title='bbox 387 946 448 976; x_wconf 81' lang='lat' dir='ltr'>aut</span> <span class='ocrx_word' id='word_1_101' title='bbox 469 942 587 974; x_wconf 87' lang='lat' dir='ltr'>mouit</span> <span class='ocrx_word' id='word_1_102' title='bbox 604 941 735 973; x_wconf 83' lang='lat' dir='ltr'>contra</span> <span class='ocrx_word' id='word_1_103' title='bbox 752 947 1006 981; x_wconf 82' lang='lat' dir='ltr'>quoscumque</span> <span class='ocrx_word' id='word_1_104' title='bbox 1024 938 1212 980; x_wconf 85' lang='lat' dir='ltr'>predictos</span> <span class='ocrx_word' id='word_1_105' title='bbox 1233 939 1270 971; x_wconf 86' lang='lat' dir='ltr'>et</span> <span class='ocrx_word' id='word_1_106' title='bbox 1294 938 1388 970; x_wconf 81' lang='lat' dir='ltr'>alios</span> <span class='ocrx_word' id='word_1_107' title='bbox 1405 939 1451 971; x_wconf 86' lang='lat' dir='ltr'>de</span> <span class='ocrx_word' id='word_1_108' title='bbox 1469 939 1568 970; x_wconf 83' lang='lat' dir='ltr'>dicta</span> <span class='ocrx_word' id='word_1_109' title='bbox 1584 937 1709 971; x_wconf 85' lang='lat' dir='ltr'>heresi</span> <span class='ocrx_word' id='word_1_110' title='bbox 1726 939 1764 971; x_wconf 88' lang='lat' dir='ltr'>in</span> <span class='ocrx_word' id='word_1_111' title='bbox 1781 947 1922 982; x_wconf 82' lang='lat' dir='ltr'>genere</span> 
     </span>
     <span class='ocr_line' id='line_1_13' title="bbox 291 992 1922 1039; baseline -0.002 -8"><span class='ocrx_word' id='word_1_112' title='bbox 291 999 347 1032; x_wconf 87' lang='lat' dir='ltr'>vel</span> <span class='ocrx_word' id='word_1_113' title='bbox 367 999 403 1031; x_wconf 89' lang='lat' dir='ltr'>in</span> <span class='ocrx_word' id='word_1_114' title='bbox 429 997 553 1039; x_wconf 89' lang='lat' dir='ltr'>specie</span> <span class='ocrx_word' id='word_1_115' title='bbox 570 996 775 1037; x_wconf 85' lang='lat' dir='ltr'>suspectos,</span> <span class='ocrx_word' id='word_1_116' title='bbox 805 995 843 1027; x_wconf 85' lang='lat' dir='ltr'>et,</span> <span class='ocrx_word' id='word_1_117' title='bbox 871 1002 1116 1035; x_wconf 87' lang='lat' dir='ltr'>personarum</span> <span class='ocrx_word' id='word_1_118' title='bbox 1147 992 1361 1025; x_wconf 87' lang='lat' dir='ltr'>huiusmodi</span> <span class='ocrx_word' id='word_1_119' title='bbox 1392 994 1571 1032; x_wconf 76' lang='lat' dir='ltr'>fautores,</span> <span class='ocrx_word' id='word_1_120' title='bbox 1597 994 1854 1035; x_wconf 83' lang='lat' dir='ltr'>receptatores</span> <span class='ocrx_word' id='word_1_121' title='bbox 1882 995 1922 1027; x_wconf 85' lang='lat' dir='ltr'>et</span> 
     </span>
     <span class='ocr_line' id='line_1_14' title="bbox 292 1048 1920 1092; baseline -0.001 -9"><span class='ocrx_word' id='word_1_122' title='bbox 292 1054 548 1087; x_wconf 74' lang='lat' dir='ltr'>defensatores</span> <span class='ocrx_word' id='word_1_123' title='bbox 565 1051 789 1090; x_wconf 76' lang='lat' dir='ltr'>vbicumque</span> <span class='ocrx_word' id='word_1_124' title='bbox 807 1049 950 1082; x_wconf 82' lang='lat' dir='ltr'>fuerint</span> <span class='ocrx_word' id='word_1_125' title='bbox 967 1048 1160 1081; x_wconf 87' lang='lat' dir='ltr'>constituti</span> <span class='ocrx_word' id='word_1_126' title='bbox 1179 1048 1234 1080; x_wconf 75' lang='lat' dir='ltr'>vel</span> <span class='ocrx_word' id='word_1_127' title='bbox 1255 1057 1489 1088; x_wconf 85' lang='lat' dir='ltr'>quacumque</span> <span class='ocrx_word' id='word_1_128' title='bbox 1515 1048 1777 1091; x_wconf 80' lang='lat' dir='ltr'>prefulgerent</span> <span class='ocrx_word' id='word_1_129' title='bbox 1800 1048 1920 1092; x_wconf 87' lang='lat' dir='ltr'>digni-</span> 
     </span>
     <span class='ocr_line' id='line_1_15' title="bbox 294 1102 1920 1148; baseline -0.003 -7"><span class='ocrx_word' id='word_1_130' title='bbox 294 1111 383 1148; x_wconf 75' lang='lat' dir='ltr'>tate,</span> <span class='ocrx_word' id='word_1_131' title='bbox 402 1106 719 1140; x_wconf 82' lang='lat' dir='ltr'>reuerendissimo</span> <span class='ocrx_word' id='word_1_132' title='bbox 738 1105 776 1136; x_wconf 92' lang='lat' dir='ltr'>in</span> <span class='ocrx_word' id='word_1_133' title='bbox 800 1103 947 1136; x_wconf 86' lang='lat' dir='ltr'>Christo</span> <span class='ocrx_word' id='word_1_134' title='bbox 971 1103 1068 1145; x_wconf 84' lang='lat' dir='ltr'>patri</span> <span class='ocrx_word' id='word_1_135' title='bbox 1098 1103 1248 1135; x_wconf 84' lang='lat' dir='ltr'>domino</span> <span class='ocrx_word' id='word_1_136' title='bbox 1272 1102 1451 1143; x_wconf 78' lang='lat' dir='ltr'>Johannj,</span> <span class='ocrx_word' id='word_1_137' title='bbox 1477 1102 1692 1144; x_wconf 80' lang='lat' dir='ltr'>patriarche</span> <span class='ocrx_word' id='word_1_138' title='bbox 1709 1102 1920 1136; x_wconf 88' lang='lat' dir='ltr'>Constanti·</span> 
     </span>
     <span class='ocr_line' id='line_1_16' title="bbox 295 1157 1921 1205; baseline -0.004 -8"><span class='ocrx_word' id='word_1_139' title='bbox 295 1162 524 1205; x_wconf 84' lang='lat' dir='ltr'>nopolitano‚</span> <span class='ocrx_word' id='word_1_140' title='bbox 544 1160 760 1198; x_wconf 86' lang='lat' dir='ltr'>audiendas,</span> <span class='ocrx_word' id='word_1_141' title='bbox 780 1159 1072 1202; x_wconf 86' lang='lat' dir='ltr'>cognoscendas,</span> <span class='ocrx_word' id='word_1_142' title='bbox 1091 1157 1315 1190; x_wconf 82' lang='lat' dir='ltr'>decidendas</span> <span class='ocrx_word' id='word_1_143' title='bbox 1340 1159 1377 1190; x_wconf 88' lang='lat' dir='ltr'>et</span> <span class='ocrx_word' id='word_1_144' title='bbox 1402 1158 1475 1190; x_wconf 80' lang='lat' dir='ltr'>tine</span> <span class='ocrx_word' id='word_1_145' title='bbox 1501 1158 1626 1190; x_wconf 89' lang='lat' dir='ltr'>debito</span> <span class='ocrx_word' id='word_1_146' title='bbox 1652 1158 1921 1198; x_wconf 83' lang='lat' dir='ltr'>terminandas,</span> 
     </span>
     <span class='ocr_line' id='line_1_17' title="bbox 295 1212 1924 1256; baseline -0.004 -5"><span class='ocrx_word' id='word_1_147' title='bbox 295 1228 377 1251; x_wconf 86' lang='lat' dir='ltr'>cum</span> <span class='ocrx_word' id='word_1_148' title='bbox 407 1216 579 1249; x_wconf 82' lang='lat' dir='ltr'>omnibus</span> <span class='ocrx_word' id='word_1_149' title='bbox 610 1216 648 1247; x_wconf 83' lang='lat' dir='ltr'>et·</span> <span class='ocrx_word' id='word_1_150' title='bbox 677 1214 838 1256; x_wconf 91' lang='lat' dir='ltr'>singulis</span> <span class='ocrx_word' id='word_1_151' title='bbox 870 1214 946 1245; x_wconf 89' lang='lat' dir='ltr'>suis</span> <span class='ocrx_word' id='word_1_152' title='bbox 978 1213 1274 1255; x_wconf 83' lang='lat' dir='ltr'>emergentibus,</span> <span class='ocrx_word' id='word_1_153' title='bbox 1304 1212 1569 1253; x_wconf 82' lang='lat' dir='ltr'>incidentibus,</span> <span class='ocrx_word' id='word_1_154' title='bbox 1601 1212 1861 1254; x_wconf 86' lang='lat' dir='ltr'>dependentiis</span> <span class='ocrx_word' id='word_1_155' title='bbox 1885 1213 1924 1246; x_wconf 85' lang='lat' dir='ltr'>et</span> 
     </span>
     <span class='ocr_line' id='line_1_18' title="bbox 296 1267 1924 1311; baseline -0.004 -5"><span class='ocrx_word' id='word_1_156' title='bbox 296 1272 486 1311; x_wconf 71' lang='lat' dir='ltr'>connexis,</span> <span class='ocrx_word' id='word_1_157' title='bbox 502 1281 544 1304; x_wconf 83' lang='lat' dir='ltr'>ac</span> <span class='ocrx_word' id='word_1_158' title='bbox 558 1280 604 1303; x_wconf 81' lang='lat' dir='ltr'>ex</span> <span class='ocrx_word' id='word_1_159' title='bbox 620 1270 742 1302; x_wconf 88' lang='lat' dir='ltr'>officio</span> <span class='ocrx_word' id='word_1_160' title='bbox 757 1269 959 1301; x_wconf 86' lang='lat' dir='ltr'>summarie</span> <span class='ocrx_word' id='word_1_161' title='bbox 974 1268 1239 1309; x_wconf 89' lang='lat' dir='ltr'>inquirendum</span> <span class='ocrx_word' id='word_1_162' title='bbox 1253 1268 1291 1300; x_wconf 90' lang='lat' dir='ltr'>et</span> <span class='ocrx_word' id='word_1_163' title='bbox 1303 1267 1595 1309; x_wconf 85' lang='lat' dir='ltr'>procedendum,</span> <span class='ocrx_word' id='word_1_164' title='bbox 1614 1276 1657 1300; x_wconf 90' lang='lat' dir='ltr'>ac</span> <span class='ocrx_word' id='word_1_165' title='bbox 1670 1276 1924 1310; x_wconf 85' lang='lat' dir='ltr'>quoscumque</span> 
     </span>
     <span class='ocr_line' id='line_1_19' title="bbox 296 1322 1924 1371; baseline -0.002 -11"><span class='ocrx_word' id='word_1_166' title='bbox 296 1337 492 1371; x_wconf 70' lang='lat' dir='ltr'>processus</span> <span class='ocrx_word' id='word_1_167' title='bbox 517 1335 582 1359; x_wconf 85' lang='lat' dir='ltr'>seu</span> <span class='ocrx_word' id='word_1_168' title='bbox 601 1325 804 1357; x_wconf 88' lang='lat' dir='ltr'>monitoria</span> <span class='ocrx_word' id='word_1_169' title='bbox 830 1331 1064 1365; x_wconf 85' lang='lat' dir='ltr'>quecumque</span> <span class='ocrx_word' id='word_1_170' title='bbox 1093 1322 1382 1364; x_wconf 79' lang='lat' dir='ltr'>expediendum,</span> <span class='ocrx_word' id='word_1_171' title='bbox 1412 1322 1611 1363; x_wconf 83' lang='lat' dir='ltr'>omniaque</span> <span class='ocrx_word' id='word_1_172' title='bbox 1639 1323 1677 1355; x_wconf 87' lang='lat' dir='ltr'>et</span> <span class='ocrx_word' id='word_1_173' title='bbox 1700 1322 1850 1365; x_wconf 88' lang='lat' dir='ltr'>singula</span> <span class='ocrx_word' id='word_1_174' title='bbox 1872 1324 1924 1356; x_wconf 86' lang='lat' dir='ltr'>fa-</span> 
     </span>
     <span class='ocr_line' id='line_1_20' title="bbox 296 1377 1924 1422; baseline -0.004 -7"><span class='ocrx_word' id='word_1_175' title='bbox 296 1383 482 1422; x_wconf 84' lang='lat' dir='ltr'>ciendum,</span> <span class='ocrx_word' id='word_1_176' title='bbox 497 1390 568 1422; x_wconf 89' lang='lat' dir='ltr'>que</span> <span class='ocrx_word' id='word_1_177' title='bbox 586 1381 624 1412; x_wconf 89' lang='lat' dir='ltr'>in</span> <span class='ocrx_word' id='word_1_178' title='bbox 642 1379 835 1421; x_wconf 85' lang='lat' dir='ltr'>premissis</span> <span class='ocrx_word' id='word_1_179' title='bbox 853 1380 891 1412; x_wconf 82' lang='lat' dir='ltr'>et</span> <span class='ocrx_word' id='word_1_180' title='bbox 908 1379 1008 1410; x_wconf 85' lang='lat' dir='ltr'>circa</span> <span class='ocrx_word' id='word_1_181' title='bbox 1033 1387 1077 1410; x_wconf 85' lang='lat' dir='ltr'>ea</span> <span class='ocrx_word' id='word_1_182' title='bbox 1094 1378 1307 1410; x_wconf 84' lang='lat' dir='ltr'>necessaria</span> <span class='ocrx_word' id='word_1_183' title='bbox 1330 1377 1484 1417; x_wconf 83' lang='lat' dir='ltr'>fuerint,</span> <span class='ocrx_word' id='word_1_184' title='bbox 1511 1386 1576 1410; x_wconf 89' lang='lat' dir='ltr'>seu</span> <span class='ocrx_word' id='word_1_185' title='bbox 1594 1377 1708 1410; x_wconf 87' lang='lat' dir='ltr'>etiam</span> <span class='ocrx_word' id='word_1_186' title='bbox 1723 1377 1924 1418; x_wconf 90' lang='lat' dir='ltr'>quomodo-</span> 
     </span>
     <span class='ocr_line' id='line_1_21' title="bbox 298 1432 1928 1478; baseline -0.003 -8"><span class='ocrx_word' id='word_1_187' title='bbox 298 1439 391 1471; x_wconf 82' lang='lat' dir='ltr'>libet.</span> <span class='ocrx_word' id='word_1_188' title='bbox 408 1438 605 1478; x_wconf 85' lang='lat' dir='ltr'>oportuna.</span> <span class='ocrx_word' id='word_1_189' title='bbox 625 1434 791 1473; x_wconf 86' lang='lat' dir='ltr'>Quarum</span> <span class='ocrx_word' id='word_1_190' title='bbox 812 1434 963 1474; x_wconf 86' lang='lat' dir='ltr'>quidem</span> <span class='ocrx_word' id='word_1_191' title='bbox 982 1433 1286 1465; x_wconf 76' lang='lat' dir='ltr'>commissionum</span> <span class='ocrx_word' id='word_1_192' title='bbox 1304 1433 1434 1474; x_wconf 88' lang='lat' dir='ltr'>vigore</span> <span class='ocrx_word' id='word_1_193' title='bbox 1452 1432 1541 1464; x_wconf 85' lang='lat' dir='ltr'>dicti</span> <span class='ocrx_word' id='word_1_194' title='bbox 1558 1432 1700 1465; x_wconf 90' lang='lat' dir='ltr'>domini</span> <span class='ocrx_word' id='word_1_195' title='bbox 1723 1433 1867 1474; x_wconf 80' lang='lat' dir='ltr'>judiees</span> <span class='ocrx_word' id='word_1_196' title='bbox 1883 1442 1928 1466; x_wconf 89' lang='lat' dir='ltr'>ac</span> 
     </span>
     <span class='ocr_line' id='line_1_22' title="bbox 297 1487 1927 1531; baseline -0.003 -6"><span class='ocrx_word' id='word_1_197' title='bbox 297 1493 470 1525; x_wconf 77' lang='lat' dir='ltr'>dominus</span> <span class='ocrx_word' id='word_1_198' title='bbox 493 1490 667 1525; x_wconf 81' lang='lat' dir='ltr'>Johanna</span> <span class='ocrx_word' id='word_1_199' title='bbox 684 1488 915 1531; x_wconf 85' lang='lat' dir='ltr'>patriarcha,</span> <span class='ocrx_word' id='word_1_200' title='bbox 932 1489 1047 1530; x_wconf 60' lang='lat' dir='ltr'>‚iudex</span> <span class='ocrx_word' id='word_1_201' title='bbox 1065 1490 1103 1520; x_wconf 87' lang='lat' dir='ltr'>et</span> <span class='ocrx_word' id='word_1_202' title='bbox 1130 1487 1422 1527; x_wconf 86' lang='lat' dir='ltr'>commissarius,</span> <span class='ocrx_word' id='word_1_203' title='bbox 1447 1488 1486 1519; x_wconf 90' lang='lat' dir='ltr'>in</span> <span class='ocrx_word' id='word_1_204' title='bbox 1510 1487 1619 1520; x_wconf 85' lang='lat' dir='ltr'>dietis</span> <span class='ocrx_word' id='word_1_205' title='bbox 1642 1488 1764 1520; x_wconf 86' lang='lat' dir='ltr'>causis</span> <span class='ocrx_word' id='word_1_206' title='bbox 1790 1487 1864 1521; x_wconf 87' lang='lat' dir='ltr'>rite</span> <span class='ocrx_word' id='word_1_207' title='bbox 1888 1487 1927 1520; x_wconf 87' lang='lat' dir='ltr'>et</span> 
     </span>
     <span class='ocr_line' id='line_1_23' title="bbox 299 1541 1924 1590; baseline -0.003 -10"><span class='ocrx_word' id='word_1_208' title='bbox 299 1547 469 1590; x_wconf 77' lang='lat' dir='ltr'>legitime</span> <span class='ocrx_word' id='word_1_209' title='bbox 486 1546 748 1588; x_wconf 72' lang='lat' dir='ltr'>procedentes,</span> <span class='ocrx_word' id='word_1_210' title='bbox 762 1544 922 1577; x_wconf 85' lang='lat' dir='ltr'>seruatis</span> <span class='ocrx_word' id='word_1_211' title='bbox 940 1543 1148 1584; x_wconf 79' lang='lat' dir='ltr'>seruandiS,</span> <span class='ocrx_word' id='word_1_212' title='bbox 1163 1552 1205 1575; x_wconf 88' lang='lat' dir='ltr'>ac</span> <span class='ocrx_word' id='word_1_213' title='bbox 1223 1543 1383 1585; x_wconf 84' lang='lat' dir='ltr'>cognitis</span> <span class='ocrx_word' id='word_1_214' title='bbox 1400 1541 1613 1584; x_wconf 87' lang='lat' dir='ltr'>hujusmodi</span> <span class='ocrx_word' id='word_1_215' title='bbox 1631 1550 1741 1575; x_wconf 90' lang='lat' dir='ltr'>cause</span> <span class='ocrx_word' id='word_1_216' title='bbox 1765 1542 1924 1583; x_wconf 86' lang='lat' dir='ltr'>meritis,</span> 
     </span>
     <span class='ocr_line' id='line_1_24' title="bbox 300 1596 1925 1646; baseline -0.002 -13"><span class='ocrx_word' id='word_1_217' title='bbox 300 1602 572 1646; x_wconf 79' lang='lat' dir='ltr'>prehabitaque</span> <span class='ocrx_word' id='word_1_218' title='bbox 601 1609 714 1642; x_wconf 84' lang='lat' dir='ltr'>super</span> <span class='ocrx_word' id='word_1_219' title='bbox 742 1599 936 1641; x_wconf 87' lang='lat' dir='ltr'>premissis</span> <span class='ocrx_word' id='word_1_220' title='bbox 952 1598 1226 1631; x_wconf 84' lang='lat' dir='ltr'>deliberatione</span> <span class='ocrx_word' id='word_1_221' title='bbox 1258 1598 1418 1638; x_wconf 86' lang='lat' dir='ltr'>matura,</span> <span class='ocrx_word' id='word_1_222' title='bbox 1448 1597 1493 1630; x_wconf 89' lang='lat' dir='ltr'>de</span> <span class='ocrx_word' id='word_1_223' title='bbox 1525 1596 1684 1630; x_wconf 89' lang='lat' dir='ltr'>consilio</span> <span class='ocrx_word' id='word_1_224' title='bbox 1709 1598 1748 1631; x_wconf 87' lang='lat' dir='ltr'>et</span> <span class='ocrx_word' id='word_1_225' title='bbox 1770 1606 1925 1630; x_wconf 87' lang='lat' dir='ltr'>assensu</span> 
     </span>
     <span class='ocr_line' id='line_1_25' title="bbox 299 1652 1926 1699; baseline -0.003 -9"><span class='ocrx_word' id='word_1_226' title='bbox 299 1659 488 1691; x_wconf 83' lang='lat' dir='ltr'>certorum</span> <span class='ocrx_word' id='word_1_227' title='bbox 505 1655 751 1699; x_wconf 87' lang='lat' dir='ltr'>prelatorum,</span> <span class='ocrx_word' id='word_1_228' title='bbox 778 1655 1048 1697; x_wconf 84' lang='lat' dir='ltr'>magistrorum</span> <span class='ocrx_word' id='word_1_229' title='bbox 1072 1654 1110 1685; x_wconf 93' lang='lat' dir='ltr'>in</span> <span class='ocrx_word' id='word_1_230' title='bbox 1135 1662 1241 1686; x_wconf 87' lang='lat' dir='ltr'>sacra</span> <span class='ocrx_word' id='word_1_231' title='bbox 1262 1653 1401 1695; x_wconf 81' lang='lat' dir='ltr'>pagina</span> <span class='ocrx_word' id='word_1_232' title='bbox 1428 1654 1466 1686; x_wconf 85' lang='lat' dir='ltr'>et</span> <span class='ocrx_word' id='word_1_233' title='bbox 1482 1653 1674 1694; x_wconf 82' lang='lat' dir='ltr'>Vtriusque</span> <span class='ocrx_word' id='word_1_234' title='bbox 1689 1652 1785 1694; x_wconf 73' lang='lat' dir='ltr'>Juris</span> <span class='ocrx_word' id='word_1_235' title='bbox 1801 1653 1926 1689; x_wconf 88' lang='lat' dir='ltr'>docto-</span> 
     </span>
     <span class='ocr_line' id='line_1_26' title="bbox 299 1707 1927 1752; baseline -0.003 -7"><span class='ocrx_word' id='word_1_236' title='bbox 299 1722 395 1752; x_wconf 86' lang='lat' dir='ltr'>rum,</span> <span class='ocrx_word' id='word_1_237' title='bbox 414 1721 518 1745; x_wconf 83' lang='lat' dir='ltr'>suam</span> <span class='ocrx_word' id='word_1_238' title='bbox 536 1711 761 1743; x_wconf 82' lang='lat' dir='ltr'>(liffinituam</span> <span class='ocrx_word' id='word_1_239' title='bbox 779 1710 1002 1742; x_wconf 83' lang='lat' dir='ltr'>sententiam</span> <span class='ocrx_word' id='word_1_240' title='bbox 1020 1710 1065 1742; x_wconf 88' lang='lat' dir='ltr'>ad</span> <span class='ocrx_word' id='word_1_241' title='bbox 1084 1709 1300 1741; x_wconf 83' lang='lat' dir='ltr'>instantiam</span> <span class='ocrx_word' id='word_1_242' title='bbox 1319 1708 1410 1740; x_wconf 87' lang='lat' dir='ltr'>dicti</span> <span class='ocrx_word' id='word_1_243' title='bbox 1426 1708 1653 1749; x_wconf 86' lang='lat' dir='ltr'>promotoris</span> <span class='ocrx_word' id='word_1_244' title='bbox 1669 1708 1750 1741; x_wconf 91' lang='lat' dir='ltr'>siue</span> <span class='ocrx_word' id='word_1_245' title='bbox 1773 1707 1927 1750; x_wconf 89' lang='lat' dir='ltr'>instiga-</span> 
     </span>
     <span class='ocr_line' id='line_1_27' title="bbox 299 1762 1927 1807; baseline -0.002 -7"><span class='ocrx_word' id='word_1_246' title='bbox 299 1768 404 1807; x_wconf 81' lang='lat' dir='ltr'>toris,</span> <span class='ocrx_word' id='word_1_247' title='bbox 423 1768 555 1800; x_wconf 84' lang='lat' dir='ltr'>contra</span> <span class='ocrx_word' id='word_1_248' title='bbox 571 1773 609 1799; x_wconf 81' lang='lat' dir='ltr'>et</span> <span class='ocrx_word' id='word_1_249' title='bbox 627 1766 808 1798; x_wconf 87' lang='lat' dir='ltr'>aduersus</span> <span class='ocrx_word' id='word_1_250' title='bbox 825 1765 1015 1806; x_wconf 75' lang='lat' dir='ltr'>prefatum</span> <span class='ocrx_word' id='word_1_251' title='bbox 1031 1765 1189 1797; x_wconf 83' lang='lat' dir='ltr'>fratrem</span> <span class='ocrx_word' id='word_1_252' title='bbox 1206 1762 1403 1796; x_wconf 83' lang='lat' dir='ltr'>Nicolaum</span> <span class='ocrx_word' id='word_1_253' title='bbox 1421 1764 1459 1796; x_wconf 87' lang='lat' dir='ltr'>et</span> <span class='ocrx_word' id='word_1_254' title='bbox 1477 1772 1663 1806; x_wconf 86' lang='lat' dir='ltr'>organum</span> <span class='ocrx_word' id='word_1_255' title='bbox 1680 1763 1771 1796; x_wconf 87' lang='lat' dir='ltr'>dicti</span> <span class='ocrx_word' id='word_1_256' title='bbox 1785 1762 1927 1796; x_wconf 89' lang='lat' dir='ltr'>domini</span> 
     </span>
     <span class='ocr_line' id='line_1_28' title="bbox 299 1819 1410 1866; baseline -0.005 -10"><span class='ocrx_word' id='word_1_257' title='bbox 299 1821 514 1866; x_wconf 76' lang='lat' dir='ltr'>patriarche</span> <span class='ocrx_word' id='word_1_258' title='bbox 528 1822 566 1854; x_wconf 90' lang='lat' dir='ltr'>in</span> <span class='ocrx_word' id='word_1_259' title='bbox 584 1820 734 1863; x_wconf 86' lang='lat' dir='ltr'>scriptis</span> <span class='ocrx_word' id='word_1_260' title='bbox 752 1820 922 1852; x_wconf 87' lang='lat' dir='ltr'>tulerunt</span> <span class='ocrx_word' id='word_1_261' title='bbox 938 1819 1153 1851; x_wconf 88' lang='lat' dir='ltr'>huiusmodi</span> <span class='ocrx_word' id='word_1_262' title='bbox 1167 1819 1234 1851; x_wconf 86' lang='lat' dir='ltr'>sub</span> <span class='ocrx_word' id='word_1_263' title='bbox 1252 1820 1384 1851; x_wconf 89' lang='lat' dir='ltr'>tenore</span> <span class='ocrx_word' id='word_1_264' title='bbox 1403 1828 1410 1851; x_wconf 73' lang='grc' dir='ltr'>ε</span> 
     </span>
    </p>

    <p class='ocr_par' dir='ltr' id='par_1_3' title="bbox 300 1871 1929 2028">
     <span class='ocr_line' id='line_1_29' title="bbox 342 1871 1928 1916; baseline -0.004 -5"><span class='ocrx_word' id='word_1_265' title='bbox 342 1878 494 1912; x_wconf 72' lang='lat' dir='ltr'>cumsn</span> <span class='ocrx_word' id='word_1_266' title='bbox 518 1885 657 1909; x_wconf 68' lang='lat' dir='ltr'>nomina</span> <span class='ocrx_word' id='word_1_267' title='bbox 677 1875 865 1908; x_wconf 88' lang='lat' dir='ltr'>inuocato.</span> <span class='ocrx_word' id='word_1_268' title='bbox 886 1875 980 1913; x_wconf 85' lang='lat' dir='ltr'>Quia</span> <span class='ocrx_word' id='word_1_269' title='bbox 996 1874 1280 1907; x_wconf 85' lang='lat' dir='ltr'>communicatis</span> <span class='ocrx_word' id='word_1_270' title='bbox 1296 1873 1535 1916; x_wconf 83' lang='lat' dir='ltr'>processibus</span> <span class='ocrx_word' id='word_1_271' title='bbox 1559 1873 1660 1906; x_wconf 89' lang='lat' dir='ltr'>inter</span> <span class='ocrx_word' id='word_1_272' title='bbox 1684 1882 1751 1906; x_wconf 89' lang='lat' dir='ltr'>nos</span> <span class='ocrx_word' id='word_1_273' title='bbox 1767 1876 1801 1906; x_wconf 78' lang='lat' dir='ltr'>et</span> <span class='ocrx_word' id='word_1_274' title='bbox 1816 1872 1866 1905; x_wconf 79' lang='lat' dir='ltr'>sic</span> <span class='ocrx_word' id='word_1_275' title='bbox 1882 1871 1928 1906; x_wconf 81' lang='lat' dir='ltr'>de</span> 
     </span>
     <span class='ocr_line' id='line_1_30' title="bbox 300 1927 1929 1974; baseline -0.004 -7"><span class='ocrx_word' id='word_1_276' title='bbox 300 1932 406 1967; x_wconf 83' lang='lat' dir='ltr'>verbo</span> <span class='ocrx_word' id='word_1_277' title='bbox 420 1931 471 1965; x_wconf 82' lang='lat' dir='ltr'>ad</span> <span class='ocrx_word' id='word_1_278' title='bbox 486 1931 639 1965; x_wconf 78' lang='lat' dir='ltr'>verbum</span> <span class='ocrx_word' id='word_1_279' title='bbox 651 1934 821 1973; x_wconf 74' lang='lat' dir='ltr'>utsupra</span> <span class='ocrx_word' id='word_1_280' title='bbox 837 1939 952 1974; x_wconf 78' lang='lat' dir='ltr'>usque</span> <span class='ocrx_word' id='word_1_281' title='bbox 968 1928 1018 1963; x_wconf 83' lang='lat' dir='ltr'>ad</span> <span class='ocrx_word' id='word_1_282' title='bbox 1035 1927 1124 1962; x_wconf 80' lang='lat' dir='ltr'>haec</span> <span class='ocrx_word' id='word_1_283' title='bbox 1147 1927 1257 1962; x_wconf 80' lang='lat' dir='ltr'>verba</span> <span class='ocrx_word' id='word_1_284' title='bbox 1271 1939 1281 1961; x_wconf 90' lang='grc'>.·</span> <span class='ocrx_word' id='word_1_285' title='bbox 1306 1928 1456 1970; x_wconf 89' lang='lat' dir='ltr'>publice</span> <span class='ocrx_word' id='word_1_286' title='bbox 1473 1928 1655 1961; x_wconf 84' lang='lat' dir='ltr'>comburi.</span> <span class='ocrx_word' id='word_1_287' title='bbox 1671 1928 1747 1970; x_wconf 90' lang='lat' dir='ltr'>(Zie</span> <span class='ocrx_word' id='word_1_288' title='bbox 1760 1938 1827 1961; x_wconf 93' lang='lat' dir='ltr'>ons</span> <span class='ocrx_word' id='word_1_289' title='bbox 1840 1928 1929 1961; x_wconf 86' lang='lat' dir='ltr'>stuk</span> 
     </span>
     <span class='ocr_line' id='line_1_31' title="bbox 302 1985 729 2028; baseline -0.014 -6"><span class='ocrx_word' id='word_1_290' title='bbox 302 1995 340 2022; x_wconf 67' lang='lat' dir='ltr'>nr</span> <span class='ocrx_word' id='word_1_291' title='bbox 366 1987 439 2028; x_wconf 75' lang='lat'>132,</span> <span class='ocrx_word' id='word_1_292' title='bbox 464 1986 530 2019; x_wconf 89' lang='lat' dir='ltr'>blz.</span> <span class='ocrx_word' id='word_1_293' title='bbox 556 1985 729 2028; x_wconf 73' lang='lat'>208-214).</span> 
     </span>
    </p>

    <p class='ocr_par' dir='ltr' id='par_1_4' title="bbox 301 2037 1934 2358">
     <span class='ocr_line' id='line_1_32' title="bbox 344 2037 1924 2084; baseline -0.003 -8"><span class='ocrx_word' id='word_1_294' title='bbox 344 2043 488 2076; x_wconf 85' lang='lat' dir='ltr'>Deinde</span> <span class='ocrx_word' id='word_1_295' title='bbox 502 2051 569 2084; x_wconf 88' lang='lat' dir='ltr'>pro</span> <span class='ocrx_word' id='word_1_296' title='bbox 584 2042 691 2083; x_wconf 87' lang='lat' dir='ltr'>parte</span> <span class='ocrx_word' id='word_1_297' title='bbox 708 2040 974 2083; x_wconf 86' lang='lat' dir='ltr'>religiosorum</span> <span class='ocrx_word' id='word_1_298' title='bbox 991 2040 1156 2072; x_wconf 87' lang='lat' dir='ltr'>virorum</span> <span class='ocrx_word' id='word_1_299' title='bbox 1173 2040 1334 2073; x_wconf 82' lang='lat' dir='ltr'>fratrum</span> <span class='ocrx_word' id='word_1_300' title='bbox 1357 2039 1380 2073; x_wconf 78' lang='lat' dir='ltr'>J</span> <span class='ocrx_word' id='word_1_301' title='bbox 1384 2038 1542 2073; x_wconf 88' lang='lat' dir='ltr'>ohannis</span> <span class='ocrx_word' id='word_1_302' title='bbox 1560 2039 1605 2071; x_wconf 91' lang='lat' dir='ltr'>de</span> <span class='ocrx_word' id='word_1_303' title='bbox 1622 2038 1782 2080; x_wconf 87' lang='lat' dir='ltr'>Neapoli</span> <span class='ocrx_word' id='word_1_304' title='bbox 1797 2037 1924 2072; x_wconf 89' lang='lat' dir='ltr'>Predi-</span> 
     </span>
     <span class='ocr_line' id='line_1_33' title="bbox 301 2093 1930 2138; baseline -0.004 -6"><span class='ocrx_word' id='word_1_305' title='bbox 301 2101 483 2137; x_wconf 85' lang='lat' dir='ltr'>catorum,</span> <span class='ocrx_word' id='word_1_306' title='bbox 501 2096 651 2138; x_wconf 84' lang='lat' dir='ltr'>Antonij</span> <span class='ocrx_word' id='word_1_307' title='bbox 672 2097 717 2128; x_wconf 90' lang='lat' dir='ltr'>de</span> <span class='ocrx_word' id='word_1_308' title='bbox 736 2096 901 2128; x_wconf 87' lang='lat' dir='ltr'>Garseno</span> <span class='ocrx_word' id='word_1_309' title='bbox 920 2095 1121 2134; x_wconf 87' lang='lat' dir='ltr'>Minorum,</span> <span class='ocrx_word' id='word_1_310' title='bbox 1140 2095 1341 2127; x_wconf 87' lang='lat' dir='ltr'>Bertrandi</span> <span class='ocrx_word' id='word_1_311' title='bbox 1355 2094 1551 2135; x_wconf 83' lang='lat' dir='ltr'>Wuquerij</span> <span class='ocrx_word' id='word_1_312' title='bbox 1573 2093 1873 2134; x_wconf 85' lang='lat' dir='ltr'>Carmelitarum,</span> <span class='ocrx_word' id='word_1_313' title='bbox 1891 2093 1930 2126; x_wconf 85' lang='lat' dir='ltr'>et</span> 
     </span>
     <span class='ocr_line' id='line_1_34' title="bbox 303 2148 1932 2193; baseline -0.004 -6"><span class='ocrx_word' id='word_1_314' title='bbox 303 2153 508 2187; x_wconf 84' lang='lat' dir='ltr'>Guillielmi</span> <span class='ocrx_word' id='word_1_315' title='bbox 525 2152 691 2192; x_wconf 83' lang='lat' dir='ltr'>Arnaudj</span> <span class='ocrx_word' id='word_1_316' title='bbox 718 2150 1005 2193; x_wconf 87' lang='lat' dir='ltr'>Augustinensis</span> <span class='ocrx_word' id='word_1_317' title='bbox 1024 2150 1197 2182; x_wconf 88' lang='lat' dir='ltr'>ordinum</span> <span class='ocrx_word' id='word_1_318' title='bbox 1221 2150 1451 2183; x_wconf 82' lang='lat' dir='ltr'>assertorum</span> <span class='ocrx_word' id='word_1_319' title='bbox 1475 2149 1774 2190; x_wconf 88' lang='lat' dir='ltr'>procuratorum,</span> <span class='ocrx_word' id='word_1_320' title='bbox 1793 2149 1839 2181; x_wconf 89' lang='lat' dir='ltr'>ad</span> <span class='ocrx_word' id='word_1_321' title='bbox 1856 2148 1932 2180; x_wconf 87' lang='lat' dir='ltr'>dic—</span> 
     </span>
     <span class='ocr_line' id='line_1_35' title="bbox 303 2203 1932 2247; baseline -0.004 -6"><span class='ocrx_word' id='word_1_322' title='bbox 303 2212 380 2242; x_wconf 89' lang='lat' dir='ltr'>tum</span> <span class='ocrx_word' id='word_1_323' title='bbox 406 2208 596 2240; x_wconf 89' lang='lat' dir='ltr'>dominum</span> <span class='ocrx_word' id='word_1_324' title='bbox 615 2207 784 2239; x_wconf 90' lang='lat' dir='ltr'>nostrum</span> <span class='ocrx_word' id='word_1_325' title='bbox 801 2215 936 2247; x_wconf 83' lang='lat' dir='ltr'>papam</span> <span class='ocrx_word' id='word_1_326' title='bbox 954 2207 991 2238; x_wconf 90' lang='lat' dir='ltr'>et</span> <span class='ocrx_word' id='word_1_327' title='bbox 1015 2206 1182 2238; x_wconf 82' lang='lat' dir='ltr'>sanctam</span> <span class='ocrx_word' id='word_1_328' title='bbox 1207 2206 1334 2237; x_wconf 87' lang='lat' dir='ltr'>sedem</span> <span class='ocrx_word' id='word_1_329' title='bbox 1359 2203 1603 2245; x_wconf 85' lang='lat' dir='ltr'>apostolicam</span> <span class='ocrx_word' id='word_1_330' title='bbox 1621 2203 1813 2245; x_wconf 85' lang='lat' dir='ltr'>appellati,</span> <span class='ocrx_word' id='word_1_331' title='bbox 1832 2203 1932 2236; x_wconf 88' lang='lat' dir='ltr'>idem</span> 
     </span>
     <span class='ocr_line' id='line_1_36' title="bbox 304 2258 1933 2302; baseline -0.003 -7"><span class='ocrx_word' id='word_1_332' title='bbox 304 2264 476 2296; x_wconf 84' lang='lat' dir='ltr'>dominus</span> <span class='ocrx_word' id='word_1_333' title='bbox 494 2264 622 2294; x_wconf 87' lang='lat' dir='ltr'>noster</span> <span class='ocrx_word' id='word_1_334' title='bbox 644 2270 741 2302; x_wconf 85' lang='lat' dir='ltr'>papa</span> <span class='ocrx_word' id='word_1_335' title='bbox 758 2261 943 2301; x_wconf 85' lang='lat' dir='ltr'>quandam</span> <span class='ocrx_word' id='word_1_336' title='bbox 961 2260 1233 2292; x_wconf 85' lang='lat' dir='ltr'>commissionis</span> <span class='ocrx_word' id='word_1_337' title='bbox 1252 2260 1331 2292; x_wconf 86' lang='lat' dir='ltr'>siue</span> <span class='ocrx_word' id='word_1_338' title='bbox 1349 2259 1634 2300; x_wconf 83' lang='lat' dir='ltr'>supplicationis</span> <span class='ocrx_word' id='word_1_339' title='bbox 1651 2258 1822 2291; x_wconf 86' lang='lat' dir='ltr'>cedulam</span> <span class='ocrx_word' id='word_1_340' title='bbox 1835 2258 1933 2291; x_wconf 90' lang='lat' dir='ltr'>bone</span> 
     </span>
     <span class='ocr_line' id='line_1_37' title="bbox 302 2312 1934 2358; baseline -0.004 -6"><span class='ocrx_word' id='word_1_341' title='bbox 302 2318 484 2352; x_wconf 87' lang='lat' dir='ltr'>memorie</span> <span class='ocrx_word' id='word_1_342' title='bbox 498 2317 684 2358; x_wconf 83' lang='lat' dir='ltr'>quondam</span> <span class='ocrx_word' id='word_1_343' title='bbox 699 2316 849 2348; x_wconf 87' lang='lat' dir='ltr'>domino</span> <span class='ocrx_word' id='word_1_344' title='bbox 867 2315 1026 2358; x_wconf 89' lang='lat' dir='ltr'>Angelo,</span> <span class='ocrx_word' id='word_1_345' title='bbox 1045 2315 1144 2347; x_wconf 88' lang='lat' dir='ltr'>tituli</span> <span class='ocrx_word' id='word_1_346' title='bbox 1161 2316 1374 2348; x_wconf 86' lang='lat' dir='ltr'>sanctorum</span> <span class='ocrx_word' id='word_1_347' title='bbox 1388 2314 1494 2347; x_wconf 90' lang='lat' dir='ltr'>Petri</span> <span class='ocrx_word' id='word_1_348' title='bbox 1513 2315 1551 2346; x_wconf 88' lang='lat' dir='ltr'>et</span> <span class='ocrx_word' id='word_1_349' title='bbox 1575 2312 1786 2355; x_wconf 85' lang='lat' dir='ltr'>Marcellinj</span> <span class='ocrx_word' id='word_1_350' title='bbox 1806 2314 1934 2346; x_wconf 91' lang='lat' dir='ltr'>sancte</span> 
     </span>
    </p>

    <p class='ocr_par' dir='ltr' id='par_1_5' title="bbox 325 2368 1931 2413">
     <span class='ocr_line' id='line_1_38' title="bbox 325 2368 1931 2413; baseline -0.004 -6"><span class='ocrx_word' id='word_1_351' title='bbox 325 2376 474 2407; x_wconf 68' lang='lat' dir='ltr'>lemane</span> <span class='ocrx_word' id='word_1_352' title='bbox 488 2372 646 2406; x_wconf 85' lang='lat' dir='ltr'>ecclesie</span> <span class='ocrx_word' id='word_1_353' title='bbox 661 2371 855 2410; x_wconf 85' lang='lat' dir='ltr'>cardinali,</span> <span class='ocrx_word' id='word_1_354' title='bbox 870 2370 1078 2403; x_wconf 87' lang='lat' dir='ltr'>Veronensi</span> <span class='ocrx_word' id='word_1_355' title='bbox 1092 2369 1301 2413; x_wconf 88' lang='lat' dir='ltr'>vulgariter</span> <span class='ocrx_word' id='word_1_356' title='bbox 1318 2370 1546 2411; x_wconf 89' lang='lat' dir='ltr'>nuncupato,</span> <span class='ocrx_word' id='word_1_357' title='bbox 1563 2368 1719 2402; x_wconf 82' lang='lat' dir='ltr'>zelatori</span> <span class='ocrx_word' id='word_1_358' title='bbox 1735 2377 1931 2401; x_wconf 86' lang='lat' dir='ltr'>causarum</span> 
     </span>
    </p>
   </div>
   <div class='ocr_carea' id='block_1_3' title="bbox 306 2423 1931 2517">
    <p class='ocr_par' dir='ltr' id='par_1_6' title="bbox 306 2423 1931 2517">
     <span class='ocr_line' id='line_1_39' title="bbox 307 2423 1931 2468; baseline -0.002 -7"><span class='ocrx_word' id='word_1_359' title='bbox 307 2429 393 2461; x_wconf 78' lang='lat' dir='ltr'>fidei</span> <span class='ocrx_word' id='word_1_360' title='bbox 418 2427 710 2467; x_wconf 82' lang='lat' dir='ltr'>feruentissimo,</span> <span class='ocrx_word' id='word_1_361' title='bbox 736 2435 804 2468; x_wconf 86' lang='lat' dir='ltr'>per</span> <span class='ocrx_word' id='word_1_362' title='bbox 829 2427 973 2459; x_wconf 86' lang='lat' dir='ltr'>certum</span> <span class='ocrx_word' id='word_1_363' title='bbox 1001 2435 1109 2458; x_wconf 88' lang='lat' dir='ltr'>suum</span> <span class='ocrx_word' id='word_1_364' title='bbox 1134 2434 1325 2459; x_wconf 83' lang='lat' dir='ltr'>cursorem</span> <span class='ocrx_word' id='word_1_365' title='bbox 1355 2424 1565 2467; x_wconf 83' lang='lat' dir='ltr'>presentari</span> <span class='ocrx_word' id='word_1_366' title='bbox 1590 2424 1695 2465; x_wconf 77' lang='lat' dir='ltr'>fecit,</span> <span class='ocrx_word' id='word_1_367' title='bbox 1718 2423 1931 2458; x_wconf 88' lang='lat' dir='ltr'>huiusmodi</span> 
     </span>
     <span class='ocr_line' id='line_1_40' title="bbox 306 2484 546 2517; baseline -0.004 -1"><span class='ocrx_word' id='word_1_368' title='bbox 306 2484 374 2517; x_wconf 88' lang='lat' dir='ltr'>sub</span> <span class='ocrx_word' id='word_1_369' title='bbox 389 2486 520 2516; x_wconf 85' lang='lat' dir='ltr'>tenore</span> <span class='ocrx_word' id='word_1_370' title='bbox 539 2492 546 2514; x_wconf 95' lang='lat'><strong>:</strong></span> 
     </span>
    </p>
   </div>
   <div class='ocr_carea' id='block_1_4' title="bbox 306 2538 1936 3021">
    <p class='ocr_par' dir='ltr' id='par_1_7' title="bbox 351 2538 772 2572">
     <span class='ocr_line' id='line_1_41' title="bbox 351 2538 772 2572; baseline -0.007 0"><span class='ocrx_word' id='word_1_371' title='bbox 351 2553 367 2566; x_wconf 74' lang='grc' dir='ltr'>ιι</span> <span class='ocrx_word' id='word_1_372' title='bbox 386 2539 606 2572; x_wconf 68' lang='grc' dir='ltr'><strong>ΒΕΔΤῙΞΞΙΜΕ</strong></span> <span class='ocrx_word' id='word_1_373' title='bbox 630 2538 772 2570; x_wconf 70' lang='lat' dir='ltr'>PATER.</span> 
     </span>
    </p>

    <p class='ocr_par' dir='ltr' id='par_1_8' title="bbox 306 2588 1936 3021">
     <span class='ocr_line' id='line_1_42' title="bbox 352 2588 1934 2634; baseline -0.003 -8"><span class='ocrx_word' id='word_1_374' title='bbox 352 2607 367 2621; x_wconf 69' lang='lat' dir='ltr'><em>u</em></span> <span class='ocrx_word' id='word_1_375' title='bbox 387 2593 477 2626; x_wconf 91' lang='lat' dir='ltr'>Cum</span> <span class='ocrx_word' id='word_1_376' title='bbox 503 2593 548 2626; x_wconf 89' lang='lat' dir='ltr'>de</span> <span class='ocrx_word' id='word_1_377' title='bbox 566 2602 662 2625; x_wconf 81' lang='lat' dir='ltr'>anno</span> <span class='ocrx_word' id='word_1_378' title='bbox 688 2591 888 2625; x_wconf 90' lang='lat' dir='ltr'>millesimo</span> <span class='ocrx_word' id='word_1_379' title='bbox 908 2591 1278 2634; x_wconf 85' lang='lat' dir='ltr'>quadringentesimo</span> <span class='ocrx_word' id='word_1_380' title='bbox 1304 2590 1448 2623; x_wconf 88' lang='lat' dir='ltr'>decimo</span> <span class='ocrx_word' id='word_1_381' title='bbox 1466 2590 1613 2628; x_wconf 82' lang='lat' dir='ltr'>octauo,</span> <span class='ocrx_word' id='word_1_382' title='bbox 1631 2589 1691 2622; x_wconf 89' lang='lat' dir='ltr'>die</span> <span class='ocrx_word' id='word_1_383' title='bbox 1713 2588 1934 2622; x_wconf 87' lang='lat' dir='ltr'>duodecima</span> 
     </span>
     <span class='ocr_line' id='line_1_43' title="bbox 307 2643 1934 2689; baseline -0.003 -8"><span class='ocrx_word' id='word_1_384' title='bbox 307 2648 444 2682; x_wconf 87' lang='lat' dir='ltr'>mensis</span> <span class='ocrx_word' id='word_1_385' title='bbox 476 2647 634 2689; x_wconf 77' lang='lat' dir='ltr'>Aprilis,</span> <span class='ocrx_word' id='word_1_386' title='bbox 664 2648 779 2680; x_wconf 79' lang='lat' dir='ltr'>fuerit</span> <span class='ocrx_word' id='word_1_387' title='bbox 811 2648 970 2688; x_wconf 85' lang='lat' dir='ltr'>quedam</span> <span class='ocrx_word' id='word_1_388' title='bbox 1000 2647 1187 2680; x_wconf 87' lang='lat' dir='ltr'>sententia</span> <span class='ocrx_word' id='word_1_389' title='bbox 1218 2646 1294 2679; x_wconf 88' lang='lat' dir='ltr'>lata</span> <span class='ocrx_word' id='word_1_390' title='bbox 1318 2646 1450 2678; x_wconf 89' lang='lat' dir='ltr'>contra</span> <span class='ocrx_word' id='word_1_391' title='bbox 1484 2645 1708 2687; x_wconf 86' lang='lat' dir='ltr'>magistrum</span> <span class='ocrx_word' id='word_1_392' title='bbox 1739 2643 1934 2677; x_wconf 84' lang='lat' dir='ltr'>Nicolaum</span> 
     </span>
     <span class='ocr_line' id='line_1_44' title="bbox 307 2699 1934 2744; baseline -0.003 -8"><span class='ocrx_word' id='word_1_393' title='bbox 307 2704 528 2744; x_wconf 84' lang='lat' dir='ltr'>Serrurarij,</span> <span class='ocrx_word' id='word_1_394' title='bbox 548 2703 746 2735; x_wconf 86' lang='lat' dir='ltr'>continens</span> <span class='ocrx_word' id='word_1_395' title='bbox 768 2703 926 2744; x_wconf 85' lang='lat' dir='ltr'>triginta</span> <span class='ocrx_word' id='word_1_396' title='bbox 942 2711 1052 2734; x_wconf 83' lang='lat' dir='ltr'>vnum</span> <span class='ocrx_word' id='word_1_397' title='bbox 1078 2700 1257 2734; x_wconf 85' lang='lat' dir='ltr'>articulos</span> <span class='ocrx_word' id='word_1_398' title='bbox 1275 2701 1312 2733; x_wconf 90' lang='lat' dir='ltr'>in</span> <span class='ocrx_word' id='word_1_399' title='bbox 1337 2709 1382 2733; x_wconf 85' lang='lat' dir='ltr'>ea</span> <span class='ocrx_word' id='word_1_400' title='bbox 1404 2700 1624 2741; x_wconf 85' lang='lat' dir='ltr'>descriptos,</span> <span class='ocrx_word' id='word_1_401' title='bbox 1642 2708 1801 2740; x_wconf 88' lang='lat' dir='ltr'>quorum</span> <span class='ocrx_word' id='word_1_402' title='bbox 1818 2699 1934 2740; x_wconf 87' lang='lat' dir='ltr'>aliqui</span> 
     </span>
     <span class='ocr_line' id='line_1_45' title="bbox 306 2754 1935 2799; baseline -0.003 -8"><span class='ocrx_word' id='word_1_403' title='bbox 306 2760 393 2791; x_wconf 89' lang='lat' dir='ltr'>sunt</span> <span class='ocrx_word' id='word_1_404' title='bbox 404 2758 667 2799; x_wconf 86' lang='lat' dir='ltr'>condempnati</span> <span class='ocrx_word' id='word_1_405' title='bbox 685 2758 722 2790; x_wconf 91' lang='lat' dir='ltr'>in</span> <span class='ocrx_word' id='word_1_406' title='bbox 740 2757 990 2798; x_wconf 77' lang='lat' dir='ltr'>prejudicium</span> <span class='ocrx_word' id='word_1_407' title='bbox 1006 2757 1107 2796; x_wconf 87' lang='lat' dir='ltr'>fidei,</span> <span class='ocrx_word' id='word_1_408' title='bbox 1126 2756 1243 2797; x_wconf 83' lang='lat' dir='ltr'>aliqui</span> <span class='ocrx_word' id='word_1_409' title='bbox 1262 2756 1299 2788; x_wconf 90' lang='lat' dir='ltr'>in</span> <span class='ocrx_word' id='word_1_410' title='bbox 1317 2754 1567 2797; x_wconf 88' lang='lat' dir='ltr'>preiudicium</span> <span class='ocrx_word' id='word_1_411' title='bbox 1585 2754 1753 2787; x_wconf 80' lang='lat' dir='ltr'>veritatis</span> <span class='ocrx_word' id='word_1_412' title='bbox 1770 2755 1808 2787; x_wconf 89' lang='lat' dir='ltr'>et</span> <span class='ocrx_word' id='word_1_413' title='bbox 1823 2754 1935 2786; x_wconf 83' lang='lat' dir='ltr'>bono-</span> 
     </span>
     <span class='ocr_line' id='line_1_46' title="bbox 307 2808 1934 2853; baseline -0.003 -7"><span class='ocrx_word' id='word_1_414' title='bbox 307 2823 389 2846; x_wconf 87' lang='lat' dir='ltr'>rum</span> <span class='ocrx_word' id='word_1_415' title='bbox 405 2822 563 2851; x_wconf 88' lang='lat' dir='ltr'>morum,</span> <span class='ocrx_word' id='word_1_416' title='bbox 589 2813 627 2845; x_wconf 88' lang='lat' dir='ltr'>et</span> <span class='ocrx_word' id='word_1_417' title='bbox 644 2811 759 2853; x_wconf 87' lang='lat' dir='ltr'>aliqui</span> <span class='ocrx_word' id='word_1_418' title='bbox 778 2812 815 2844; x_wconf 90' lang='lat' dir='ltr'>in</span> <span class='ocrx_word' id='word_1_419' title='bbox 833 2812 1082 2853; x_wconf 88' lang='lat' dir='ltr'>preiudicium</span> <span class='ocrx_word' id='word_1_420' title='bbox 1106 2812 1266 2852; x_wconf 84' lang='lat' dir='ltr'>quatuor</span> <span class='ocrx_word' id='word_1_421' title='bbox 1290 2810 1517 2852; x_wconf 85' lang='lat' dir='ltr'>religionum</span> <span class='ocrx_word' id='word_1_422' title='bbox 1535 2809 1708 2842; x_wconf 88' lang='lat' dir='ltr'>ordinum</span> <span class='ocrx_word' id='word_1_423' title='bbox 1724 2808 1934 2842; x_wconf 87' lang='lat' dir='ltr'>mendican-</span> 
     </span>
     <span class='ocr_line' id='line_1_47' title="bbox 308 2863 1936 2908; baseline -0.002 -8"><span class='ocrx_word' id='word_1_424' title='bbox 308 2869 413 2907; x_wconf 86' lang='lat' dir='ltr'>tium,</span> <span class='ocrx_word' id='word_1_425' title='bbox 447 2867 622 2900; x_wconf 82' lang='lat' dir='ltr'>videlicet</span> <span class='ocrx_word' id='word_1_426' title='bbox 654 2867 952 2905; x_wconf 78' lang='lat' dir='ltr'>predicatorum,</span> <span class='ocrx_word' id='word_1_427' title='bbox 979 2867 1181 2907; x_wconf 89' lang='lat' dir='ltr'>Minorum,</span> <span class='ocrx_word' id='word_1_428' title='bbox 1213 2865 1512 2908; x_wconf 89' lang='lat' dir='ltr'>Augustinorum</span> <span class='ocrx_word' id='word_1_429' title='bbox 1537 2866 1575 2897; x_wconf 87' lang='lat' dir='ltr'>et</span> <span class='ocrx_word' id='word_1_430' title='bbox 1606 2865 1714 2897; x_wconf 89' lang='lat' dir='ltr'>beate</span> <span class='ocrx_word' id='word_1_431' title='bbox 1741 2864 1861 2896; x_wconf 88' lang='lat' dir='ltr'>Marie</span> <span class='ocrx_word' id='word_1_432' title='bbox 1889 2863 1936 2897; x_wconf 87' lang='lat' dir='ltr'>de</span> 
     </span>
     <span class='ocr_line' id='line_1_48' title="bbox 311 2918 1931 2962; baseline -0.002 -8"><span class='ocrx_word' id='word_1_433' title='bbox 311 2924 438 2955; x_wconf 83' lang='lat' dir='ltr'>monte</span> <span class='ocrx_word' id='word_1_434' title='bbox 454 2921 628 2962; x_wconf 82' lang='lat' dir='ltr'>Carmeli,</span> <span class='ocrx_word' id='word_1_435' title='bbox 646 2931 688 2954; x_wconf 83' lang='lat' dir='ltr'>ac</span> <span class='ocrx_word' id='word_1_436' title='bbox 701 2923 815 2954; x_wconf 88' lang='lat' dir='ltr'>totius</span> <span class='ocrx_word' id='word_1_437' title='bbox 832 2921 990 2955; x_wconf 83' lang='lat' dir='ltr'>ecclesie</span> <span class='ocrx_word' id='word_1_438' title='bbox 1008 2923 1144 2961; x_wconf 85' lang='lat' dir='ltr'>status,</span> <span class='ocrx_word' id='word_1_439' title='bbox 1157 2922 1194 2953; x_wconf 87' lang='lat' dir='ltr'>vt</span> <span class='ocrx_word' id='word_1_440' title='bbox 1211 2921 1381 2962; x_wconf 80' lang='lat' dir='ltr'>pluribus</span> <span class='ocrx_word' id='word_1_441' title='bbox 1398 2920 1567 2961; x_wconf 79' lang='lat' dir='ltr'>apparet,</span> <span class='ocrx_word' id='word_1_442' title='bbox 1582 2928 1650 2961; x_wconf 86' lang='lat' dir='ltr'>per</span> <span class='ocrx_word' id='word_1_443' title='bbox 1665 2918 1931 2952; x_wconf 84' lang='lat' dir='ltr'>reuerendissi-</span> 
     </span>
     <span class='ocr_line' id='line_1_49' title="bbox 313 2974 1934 3021; baseline -0.001 -10"><span class='ocrx_word' id='word_1_444' title='bbox 313 2987 413 3012; x_wconf 83' lang='lat' dir='ltr'>muni</span> <span class='ocrx_word' id='word_1_445' title='bbox 436 2978 582 3021; x_wconf 80' lang='lat' dir='ltr'>patrem</span> <span class='ocrx_word' id='word_1_446' title='bbox 605 2977 797 3011; x_wconf 84' lang='lat' dir='ltr'>dominum</span> <span class='ocrx_word' id='word_1_447' title='bbox 812 2976 1037 3017; x_wconf 52' lang='lat' dir='ltr'>,Iohannenn</span> <span class='ocrx_word' id='word_1_448' title='bbox 1062 2975 1315 3020; x_wconf 80' lang='lat' dir='ltr'>patriarcham</span> <span class='ocrx_word' id='word_1_449' title='bbox 1333 2974 1799 3018; x_wconf 75' lang='lat' dir='ltr'>Constantinopolitanum,</span> <span class='ocrx_word' id='word_1_450' title='bbox 1817 2974 1934 3010; x_wconf 85' lang='lat' dir='ltr'>talem</span> 
     </span>
    </p>
   </div>
  </div>
 </body>
</html>
