2050 3470
816 238 953 273 ANNO
979 239 1064 274 1318
1710 244 1753 276 75

117 349 200 392 3116
232 349 479 393 christenen
513 353 682 394 moeten
716 351 950 408 geschuwd
973 352 1167 397 worden.
1196 354 1253 396 De
1279 354 1488 411 Begijnen
1525 370 1623 412 mag
1650 370 1747 399 men

117 420 206 461 met
245 418 296 461 de
327 418 442 473 ‚door
477 418 528 461 de
566 419 687 463 Kerk
730 421 1062 477 goedgekeurde
1101 423 1279 465 Zusters
1316 436 1400 466 van
1440 424 1522 467 den
1557 424 1744 481 heiligen

115 487 370 530 Franciscus
393 487 482 531 niet
504 501 776 533 verwarren.
803 490 943 533 Alwie
987 494 1052 534 tot
1096 491 1193 533 dien
1228 492 1362 547 Regel
1393 493 1466 535 wil
1505 507 1740 550 overgaan,

117 557 182 599 zal
215 570 295 599 aan
321 570 397 598 een
422 560 575 613 streng
598 558 843 602 onderzoek
869 573 974 602 over
999 560 1075 602 het
1097 559 1255 616 geloof,
1285 574 1400 612 enz.‚
1428 561 1744 618 onderworpen

116 639 170 669 en
204 638 258 667 na
292 625 467 681 verloop
502 640 586 668 van
622 641 700 670 een
736 628 837 684 jaar
869 642 1024 684 mogen
1059 629 1306 684 toegelaten
1343 630 1538 674 worden.
1576 631 1745 674 Verder

116 694 255 750 regelt
293 694 344 737 de
382 694 583 750 bisschop
617 696 669 738 de
702 697 877 755 kleedij,
915 697 967 740 de
993 697 1192 754 voeding‚
1230 697 1281 740 de
1316 698 1628 754 vastendagen‚
1674 699 1747 742 het

115 762 330 814 biechten,
357 763 409 806 de
433 765 688 809 communie.
713 779 828 816 enz.‚
851 780 935 809 van
954 766 1006 808 de
1038 766 1534 811 Franciskanerzusters
1567 783 1620 812 en
1645 771 1747 814 stelt

114 846 163 875 ze
185 832 320 875 onder
342 833 416 875 het
439 832 627 876 toezicht
651 848 702 876 en
729 834 780 876 de
798 834 1102 892 bescherming
1125 836 1262 893 zijner
1279 837 1628 894 geestelijkheid.
1657 840 1743 882 Ten

115 903 246 946 slotte
278 901 480 945 herhaalt
515 902 566 946 de
589 901 787 959 bissehop
821 904 907 960 zijn
942 903 1064 947 bevel
1098 918 1203 947 over
1234 905 1312 948 het
1333 906 1438 962 stipt
1463 907 1648 950 naleven
1671 908 1748 952 der

113 970 352 1028 pauselijke
370 970 440 1014 bul
459 974 528 1014 ter
550 971 809 1028 asschaffing
826 972 904 1015 der
928 973 1139 1030 Begijnen
1165 973 1516 1032 uitgevaardigd.

158 1073 393 1113 Fredericus‚
429 1073 497 1106 Dei
528 1074 654 1116 gratia
682 1074 881 1116 episcopus
907 1075 1174 1114 Traiectensis,
1216 1076 1401 1109 universis
1426 1077 1683 1118 provisoribus
1710 1080 1749 1113 et

112 1128 262 1162 decanis
280 1137 322 1161 36
339 1127 583 1161 ecclesiarum
608 1129 833 1168 rectoribus,
852 1130 1087 1171 presbiteris,
1116 1130 1280 1170 vicariis,
1307 1131 1513 1173 capellanis
1537 1135 1576 1166 et
1599 1134 1748 1168 clericis

119 1185 250 1217 nostre
270 1183 433 1216 civitatis
450 1183 488 1215 et
515 1184 687 1223 diocesis,
714 1185 758 1217 ad
785 1194 878 1225 quos
912 1186 1107 1226 presentes
1126 1185 1236 1218 litere
1264 1188 1501 1228 perveniunt,
1520 1188 1679 1222 salutem
1708 1191 1746 1223 in

114 1239 274 1271 Domino
293 1239 572 1280 sempiternam.

158 1294 250 1329 Cum
273 1295 357 1337 post
388 1295 692 1336 reprobationem
731 1296 849 1327 status
882 1295 1141 1337 Beghinarum
1181 1305 1248 1338 per
1283 1297 1475 1331 dominum
1515 1298 1746 1335 Clementem

113 1359 247 1392 papam
265 1350 436 1391 quintum
453 1351 591 1382 factam
609 1351 760 1391 quidam
777 1351 963 1393 gardyani
981 1352 1018 1383 et
1042 1352 1179 1384 fratres
1198 1352 1341 1385 ordinis
1360 1353 1549 1387 Minorum
1566 1358 1745 1397 quasdam

112 1406 158 1439 de
174 1406 358 1438 dictarum
378 1403 634 1447 Beghinarum
651 1406 853 1444 consortio,
870 1415 960 1446 quas
978 1405 1048 1447 ipsi
1066 1416 1216 1439 sorores
1231 1408 1334 1439 tertii
1353 1409 1496 1441 ordinis
1510 1419 1577 1451 per
1595 1412 1745 1446 beatum

112 1461 353 1495 Franciscum
371 1461 533 1493 instituti
551 1461 589 1493 et
612 1470 679 1502 per
695 1461 822 1493 sedem
842 1460 1087 1503 apostolicam
1112 1463 1310 1503 approbati
1329 1472 1397 1496 nec
1425 1474 1493 1506 per
1509 1467 1744 1500 constitutio-

109 1525 195 1550 nem
219 1515 383 1557 aliquam
401 1516 566 1549 revocati
591 1517 889 1556 nominaverant,
910 1517 982 1548 nisi
1000 1517 1143 1549 fuerint
1161 1519 1197 1549 et
1217 1519 1385 1551 nitantur
1402 1520 1439 1552 in
1458 1521 1628 1561 pristinis
1645 1525 1743 1556 statu

107 1573 146 1604 et
161 1571 291 1604 habitu
310 1572 509 1604 confovere
526 1582 534 1612 ς
560 1572 597 1604 61
610 1580 655 1604 ex
673 1571 746 1604 hiis
763 1580 831 1614 per
849 1567 1015 1604 nostram
1032 1572 1223 1605 civitatem
1239 1576 1275 1606 et
1294 1574 1472 1615 diocesin,
1493 1579 1567 1609 tam
1586 1577 1623 1609 in
1642 1577 1744 1611 claro

109 1634 220 1667 quam
245 1626 283 1658 in
315 1625 480 1667 capitulo
509 1635 668 1668 magnus
696 1626 744 1658 sit
773 1635 882 1658 error
908 1636 981 1659 non
1014 1627 1096 1659 sine
1121 1628 1342 1661 confusione
1368 1631 1474 1672 gravi
1503 1632 1541 1663 et
1568 1632 1744 1665 seandalo

109 1682 322 1721 suscitatus,
341 1682 503 1714 maxime
521 1682 610 1723 quia
626 1681 726 1714 inter
739 1681 956 1723 hujusmodi
978 1681 1169 1724 Beghinas
1190 1684 1226 1716 et
1243 1693 1393 1717 sorores
1418 1695 1487 1718 1166
1504 1686 1541 1718 111
1561 1688 1659 1720 51316
1677 1697 1745 1721 1166

107 1736 239 1770 habitu
256 1745 421 1778 unquam
439 1736 517 1769 ulla
530 1736 710 1770 hactenus
729 1737 944 1770 differentia
971 1738 1188 1779 apparebat.
1216 1739 1394 1773 volentes
1418 1741 1558 1782 itaque,
1586 1744 1626 1774 61
1643 1743 1744 1775 tene-

107 1801 204 1832 mur,
219 1792 288 1825 viis
302 1793 339 1825 et
355 1792 475 1824 modis
488 1793 667 1835 congruis
685 1801 854 1825 errorem
868 1793 1000 1825 sedare
1014 1791 1229 1826 huiusmodi
1244 1796 1281 1827 et
1298 1795 1515 1828 scandalum
1533 1805 1740 1838 removere,

94 1841 331 1881 *examinatis
347 1847 558 1890 privilegiis
572 1847 789 1889 apostolicis
813 1857 928 1890 super
949 1849 1223 1890 approbatione
1246 1850 1337 1883 dicti
1356 1851 1499 1884 ordinis
1516 1852 1740 1893 impetratis,

107 1903 161 1936 ita
176 1903 350 1936 duximus
376 1903 637 1943 ordinandum,
662 1904 768 1936 vobis
795 1904 833 1936 et
861 1904 1017 1936 cuilibet
1047 1905 1213 1937 vestrum
1246 1906 1488 1948 precipiendo
1516 1908 1677 1940 firmiter
1704 1910 1742 1941 et

106 1959 330 1998 mandando,
357 1960 540 2000 quatenus
565 1958 686 1992 adhuc
709 1959 806 1991 sicut
834 1959 940 2001 prius
970 1960 1107 1992 statum
1142 1960 1413 2003 Beghynarum
1442 1971 1509 2003 pro
1538 1964 1740 2005 reprobato

106 2014 299 2054 habentes,
318 2023 383 2046 vos
397 2013 666 2056 Beghynarum
683 2015 821 2047 statum
838 2014 1052 2047 huiusmodi
1070 2017 1257 2048 sectantes
1275 2018 1312 2048 et
1329 2016 1517 2058 quoslibet
1535 2026 1597 2050 eas
1614 2019 1652 2051 in
1669 2019 1739 2051 1166

105 2070 276 2103 foventes
293 2071 469 2110 tanquam
486 2069 644 2110 proinde
660 2070 1003 2103 excommunicatos
1022 2070 1103 2112 ipso
1122 2071 1222 2103 facto
1247 2072 1436 2105 sententia
1460 2073 1614 2105 canonis
1627 2074 1742 2107 evite-

105 2126 154 2159 tis
167 2125 205 2158 et
220 2124 439 2167 precipiatis
457 2125 502 2157 ab
521 2125 694 2157 omnibus
719 2125 843 2158 areius
861 2125 1011 2169 evitari.

148 2179 239 2214 Illas
255 2188 344 2213 vero
362 2189 523 2219 sorores,
542 2180 573 2212 si
591 2188 663 2221 que
687 2180 774 2219 sint,
808 2189 900 2222 quas
932 2181 1037 2213 iuxta
1061 2181 1323 2223 infrascriptos
1347 2182 1499 2215 modum
1516 2183 1554 2215 et
1579 2177 1739 2217 sormam

101 2235 201 2269 hunc
213 2235 384 2268 ordinem
397 2235 546 2278 ingredi
562 2234 1006 2276 volentes,examinandi,
1018 2237 1250 2269 examinatas
1265 2238 1473 2279 recipiendi
1487 2240 1524 2271 et
1538 2239 1732 2280 induendi,

104 2292 142 2325 61
164 2299 233 2333 per
261 2291 410 2324 indutas
434 2291 708 2332 professionem
737 2291 899 2324 faciendi
934 2300 976 2324 36
1005 2300 1074 2333 per
1101 2293 1290 2334 professas
1322 2293 1472 2333 statum,
1501 2292 1671 2327 habitum
1702 2296 1739 2328 et

104 2345 277 2389 regulam
294 2346 438 2379 ordinis
463 2346 687 2379 observandi
713 2347 899 2391 sciveritis
926 2346 985 2380 vel
1010 2347 1233 2381 inveneritis
1255 2356 1343 2381 vere
1367 2357 1449 2382 esse
1476 2348 1535 2382 vel
1552 2349 1668 2382 fuisse
1693 2350 1739 2384 de

104 2401 236 2435 ordine
252 2402 473 2441 memorato,
492 2411 556 2434 vos
581 2401 777 2435 humiliter
795 2402 967 2436 toleretis
985 2404 1022 2436 et
1046 2403 1146 2444 ipsas
1162 2404 1200 2436 et
1214 2402 1402 2444 quoslibet
1416 2404 1566 2438 easdem
1583 2405 1621 2437 in
1639 2406 1737 2439 statu

102 2456 318 2499 hujusmodi
331 2457 474 2490 ordinis
491 2458 660 2490 foventes
677 2466 745 2500 pro
764 2467 837 2490 non
852 2457 980 2501 ligatis
997 2458 1126 2500 aliqua
1143 2459 1190 2491 ob
1207 2458 1280 2491 hoc
1297 2460 1490 2493 sentencia
1513 2459 1683 2494 habeatis
1700 2462 1738 2494 et

103 2511 235 2545 haberi
253 2511 403 2554 publice
421 2513 621 2546 nuncietis.

145 2567 285 2600 Verum
302 2568 343 2600 ut
367 2567 467 2600 inter
490 2568 693 2611 Beghynas
710 2570 746 2601 et
771 2568 982 2602 huiusmodi
999 2578 1148 2602 sorores
1173 2569 1439 2602 discretionem
1463 2569 1645 2611 habeatis,
1668 2581 1734 2605 nos

103 2621 230 2664 aliqua
245 2631 313 2664 pro
337 2623 605 2656 informatione
634 2625 758 2657 vestra
779 2633 825 2657 ex
851 2625 1075 2666 supradictis
1101 2624 1313 2667 privilegiis
1338 2626 1540 2659 summarie
1565 2629 1736 2661 extracta

103 2677 276 2710 duximus
292 2679 531 2720 presentibus
548 2679 747 2712 inserenda
763 2691 770 2721 ;
797 2679 988 2720 videlicet,
1018 2680 1117 2721 quod
1134 2681 1272 2713 fratres
1297 2682 1334 2713 et
1351 2690 1500 2714 sorores
1518 2681 1617 2715 hunc
1636 2683 1732 2715 ordi-

103 2741 188 2766 nem
212 2732 362 2776 ingredi
386 2733 554 2767 volentcs
570 2735 779 2768 examinari
796 2735 985 2769 debebunt
1003 2745 1071 2777 per
1087 2736 1280 2769 ministros
1298 2736 1428 2769 stricte
1445 2737 1491 2770 de
1509 2737 1582 2770 fide
1606 2738 1731 2771 catho-

102 2786 175 2820 lica
209 2789 247 2821 et
282 2788 498 2822 obedientia
536 2790 637 2823 circa
677 2790 886 2824 Romanam
919 2790 1131 2830 ecclesiam,
1174 2791 1299 2824 officia
1337 2800 1500 2833 quoque,
1538 2794 1656 2826 status
1696 2795 1733 2826 et

101 2841 335 2875 conditiones
352 2851 481 2876 earum
495 2846 581 2877 sunt
597 2843 772 2877 sollerter
785 2844 1016 2887 exploranda
1030 2846 1064 2878 et
1083 2845 1208 2878 omnia
1224 2845 1406 2887 requisita
1423 2846 1565 2879 ordinis
1583 2847 1734 2890 singula

100 2897 190 2939 ipsis
208 2899 440 2940 exponenda,
458 2900 637 2942 precipue
666 2899 876 2933 alienorum
909 2900 1112 2940 restitutio,
1142 2901 1278 2942 quibus
1295 2901 1501 2943 premissis,
1531 2902 1561 2934 si
1588 2902 1657 2935 1166
1675 2904 1729 2936 615

96 2951 319 2995 placuerint,
338 2954 442 2988 indui
458 2956 567 2998 Juxta
590 2957 810 2997 sequentem
834 2956 986 2990 modum
1016 2957 1183 3000 possunt,
1204 2957 1242 2990 et
1265 2956 1499 2992 satisfacient
1523 2957 1569 2992 de
1593 2957 1727 2993 alienis
