2050 3470
741 250 878 284 ANNO
907 250 1002 291 1231,
1029 251 1214 283 1235-1936
1761 255 1799 287 41

160 361 314 404 lugebat
327 361 545 394 Luciferum
559 360 698 394 iniuste
716 361 762 393 de
776 360 858 393 celo
876 362 1086 403 extrusum,
1106 370 1218 402 quem
1245 361 1395 395 volebat
1412 362 1606 404 replorare
1623 363 1745 396 denuo
1764 364 1800 395 in

159 415 289 448 celum.
306 416 438 457 Neque
456 416 595 448 mirum
609 417 681 448 fuit
694 416 740 449 de
754 415 839 449 aliis
858 416 1086 456 civitatibus,
1105 426 1189 449 cum
1205 417 1242 448 in
1260 417 1340 458 ipsa
1358 418 1451 450 urbe
1467 418 1589 450 Roma
1603 418 1802 451 nonnullos

160 471 318 504 infectos
335 472 465 510 fuisse,
480 471 518 503 in
534 470 612 503 suis
627 471 766 504 litteris
787 480 884 513 papa
898 472 1218 513 pronunciaverit.

204 525 251 559 Et
267 525 395 568 plures
408 527 516 559 erant
529 527 643 567 secte,
658 528 695 559 et
712 526 822 558 multi
840 535 969 559 eorum
986 527 1160 559 instructi
1187 529 1294 559 erant
1322 528 1522 569 scripturis
1544 529 1696 568 sanctis,
1712 538 1804 570 quas

160 581 395 614 habebantin
405 580 683 613 Theutunicum
694 580 905 613 translatas.
920 582 965 614 Et
983 581 1045 614 alii
1063 582 1216 623 quidem
1231 582 1412 624 baptisma
1427 583 1628 624 iterabant3
1645 583 1710 616 alii
1724 595 1804 618 cor-

160 647 228 679 pus
243 636 393 670 Domini
411 646 484 670 non
499 638 720 679 credebant3
741 638 805 671 alii
820 647 956 680 corpus
975 639 1125 671 Domini
1155 648 1176 672 a
1202 639 1310 672 malis
1328 640 1586 672 sacerdotibus
1603 648 1676 673 non
1696 649 1804 681 posse

160 692 293 724 confici
310 692 483 726 dicebant
500 704 508 733 3
528 693 593 726 alii
612 695 871 727 indifferenter
888 704 1024 736 corpus
1045 695 1194 728 Domini
1209 696 1322 728 aviro
1337 698 1373 728 et
1388 695 1560 734 muliere,
1576 697 1748 729 ordinato
1767 700 1804 729 et

161 757 233 780 non
251 748 437 787 ordinato,
453 749 491 781 in
505 749 663 782 scutella
680 751 718 781 et
734 749 851 782 calice
867 751 903 781 et
918 751 1057 791 ubique
1071 750 1240 783 locorum
1257 761 1364 792 posse
1379 752 1511 783 confici
1526 751 1701 785 dicebant
1714 763 1722 791 ς
1737 751 1802 785 alii

160 804 485 836 confirmationem
509 806 547 836 et
569 805 825 837 inunctionem
852 806 1081 846 superfluam
1101 806 1337 844 iudicabant;
1364 806 1427 838 alii
1451 816 1595 839 summo
1621 808 1802 848 pontifici,

160 858 262 892 clero
277 860 314 892 et
326 858 504 901 religioni
524 859 778 901 derogantium
801 859 865 892 alii
888 861 1075 893 defunctis
1103 860 1283 903 suffragia
1308 861 1465 894 ecclesie
1492 862 1669 903 prodesse
1694 872 1804 905 nega-

162 915 270 955 bant;
290 914 354 946 alii
380 915 519 947 matres
536 916 723 956 proprias.
744 915 972 948 redimentes
991 917 1372 958 consanguinitatem,
1399 926 1470 957 que
1489 918 1540 949 ihi
1559 919 1653 957 erat,
1680 927 1748 959 per
1767 918 1805 951 18

161 970 346 1006 denarios.
374 970 412 1002 in
437 971 658 1012 coniugium
684 971 900 1011 sumebant3
932 971 995 1003 alii
1026 971 1209 1013 pallidum
1231 972 1421 1005 hominem
1450 972 1507 1005 vel
1526 973 1640 1005 etiam
1664 974 1804 1005 cattum

161 1024 439 1064 osculabantur,
480 1026 523 1058 et
553 1025 673 1058 adhuc
715 1025 846 1066 peiora
886 1026 1093 1066 faciebant3
1121 1027 1186 1059 alii
1211 1027 1291 1059 dies
1327 1037 1455 1060 omnes
1495 1028 1802 1069 equipendenteS,

160 1080 291 1113 feriari
309 1081 372 1112 aut
390 1080 560 1113 ieiunare
578 1079 768 1118 nolebant,
788 1080 886 1113 unde
903 1083 940 1113 et
954 1082 1086 1114 diebus
1103 1082 1209 1114 festis
1227 1083 1481 1124 operabantur
1497 1084 1534 1115 et
1548 1083 1585 1115 in
1603 1091 1805 1124 parasceve

160 1144 292 1168 carnes
316 1135 601 1168 manducabant.
621 1135 669 1167 Et
686 1135 754 1168 liec
781 1135 826 1167 de
844 1136 1015 1168 articulis
1040 1145 1214 1169 errorum
1244 1138 1383 1169 dixisse
1407 1138 1582 1177 sufficiat,
1615 1147 1685 1170 non
1706 1138 1805 1179 quod

161 1199 291 1222 omnes
308 1189 530 1230 dixerimuS‚
547 1191 612 1223 sed
626 1191 724 1231 quod
741 1191 941 1232 precipuos
960 1193 1105 1224 tantum
1121 1193 1386 1225 notaverimus.

206 1245 259 1278 Eo
276 1247 446 1287 tempore
464 1245 710 1279 Treverensis
734 1245 1039 1287 archiepiscopus
1060 1247 1243 1288 synodum
1260 1248 1392 1286 tenuit,
1412 1248 1449 1280 in
1468 1257 1541 1289 qua
1558 1249 1637 1290 ipse
1654 1249 1804 1291 publice

161 1300 388 1338 enunciavit,
407 1299 596 1332 hereticos
616 1301 652 1332 in
673 1310 739 1333 sua
759 1303 909 1344 dyocesi
936 1303 1075 1336 habere
1093 1305 1323 1345 episcopum,
1348 1315 1458 1346 quem
1475 1307 1805 1348 cognominassent

161 1355 366 1387 secundum
391 1364 498 1387 suum
524 1364 660 1388 nomen
680 1356 967 1397 Theodericum,
989 1361 1024 1391 et
1045 1359 1142 1391 idem
1165 1359 1256 1392 alibi
1273 1360 1408 1393 fecisse
1433 1361 1478 1393 de
1496 1362 1681 1404 episcopis
1707 1362 1804 1395 loco-

162 1419 264 1450 rum3
300 1410 466 1452 itemque
502 1410 641 1444 habere
678 1421 743 1445 eos
778 1414 1029 1446 communiter
1069 1422 1216 1456 papam,
1246 1424 1355 1456 quem
1385 1417 1589 1449 secundum
1617 1417 1803 1450 catholice

163 1464 320 1498 ecclesie
345 1466 563 1507 episcopum
598 1470 859 1509 nuncuparent
884 1468 1124 1510 Gregorium,
1157 1471 1209 1508 ut,
1236 1471 1266 1502 si
1292 1471 1622 1513 interrogarentur
1646 1473 1690 1505 de
1716 1474 1803 1512 lide,

162 1529 250 1563 eam
276 1520 387 1553 fidem
411 1530 451 1554 se
483 1520 622 1554 habere
649 1522 819 1555 dicerent
847 1532 958 1565 quam
986 1523 1143 1557 haberet
1168 1534 1265 1566 papa
1289 1525 1494 1567 Gregorius
1524 1528 1562 1558 et
1588 1526 1655 1559 ille
1679 1529 1717 1560 et
1738 1526 1804 1559 ille

161 1575 358 1617 episcopus
382 1576 435 1608 sic
453 1577 679 1617 nominatus,
699 1580 867 1611 nostrum
896 1580 1133 1612 nominantes
1159 1582 1194 1613 et
1221 1590 1328 1612 suum
1347 1580 1597 1614 intendentes.
1612 1582 1655 1615 In
1673 1583 1805 1615 eadem

163 1631 305 1674 synodo
335 1633 411 1665 tres
435 1633 590 1666 fuerunt
622 1633 780 1667 heretici
820 1636 1040 1677 presentati,
1082 1645 1241 1677 quorum
1281 1637 1353 1669 duo
1390 1640 1476 1669 sunt
1511 1638 1669 1677 dimissi,
1710 1648 1806 1671 unus

163 1690 331 1721 exustus.

514 1761 636 1800 Pertz,
655 1761 914 1801 Blomcmenta,
944 1763 1160 1806 Scriptores,
1195 1764 1277 1797 deel
1305 1764 1442 1803 XXIV,
1471 1764 1538 1797 blz.
1558 1765 1712 1799 400-402.
1732 1767 1803 1806 (ed.

556 1815 709 1858 Waitz.)
731 1835 773 1840 -—-
796 1817 991 1860 Vergelijk
1027 1819 1072 1851 de
1102 1820 1383 1862 aanteekening
1411 1829 1501 1853 over
1525 1821 1571 1853 de
1601 1821 1802 1854 Triersche

559 1872 701 1914 synode
718 1881 787 1905 van
803 1871 884 1905 1231
904 1873 941 1906 in
963 1872 1116 1917 Corpus,
1131 1874 1214 1907 deel
1234 1875 1264 1914 I,
1284 1874 1353 1907 blz.
1372 1875 1427 1915 81,
1442 1875 1495 1908 82.

876 2006 942 2049 23
979 2001 1096 2062 (95).

229 2133 480 2180 1235-1236,
522 2132 674 2176 Arcois
707 2146 762 2176 en
814 2134 1115 2178 Vlaanderen.
1160 2134 1401 2177 Uittreksel
1440 2134 1503 2177 uit
1536 2134 1588 2177 de
1629 2134 1805 2191 kronijk

168 2214 250 2243 van
274 2201 355 2245 den
381 2202 621 2258 tijdgenoot
645 2202 810 2257 Philips
833 2203 1037 2247 Mousket
1062 2218 1168 2247 over
1200 2203 1252 2246 de
1275 2203 1568 2259 handelingen
1605 2218 1689 2246 van
1722 2204 1805 2246 den

166 2269 425 2326 inquisiteur
447 2271 630 2314 broeder
654 2271 816 2315 Robert
835 2277 877 2314 te
901 2271 1118 2325 peronne,
1145 2271 1388 2329 Kamerijk‚
1416 2272 1607 2323 Dowaai,
1648 2272 1801 2329 Rijsel‚

167 2339 272 2395 Asq,
309 2341 414 2383 Lers
438 2354 489 2382 en
515 2341 740 2384 Toufflers.
763 2341 959 2385 —Eerst
992 2355 1084 2384 was
1118 2342 1176 2399 hij
1213 2346 1257 2384 te
1291 2343 1347 2384 La
1380 2339 1805 2385 Charite-sur-Loire

167 2408 332 2466 ieverig
376 2410 640 2453 werkzaam.
687 2411 745 2453 Te
779 2409 979 2453 peronne
1016 2411 1092 2454 liet
1130 2411 1189 2468 hij
1225 2410 1496 2453 verbranden
1542 2410 1709 2454 Robert
1751 2425 1803 2453 en

168 2478 320 2521 Mahiu
344 2492 427 2521 van
463 2480 642 2522 Lauwin
673 2479 749 2536 (1).
788 2479 942 2522 Pieron
971 2480 1184 2523 Malkasin
1209 2479 1257 2522 of
1274 2479 1496 2522 Markasin
1521 2494 1574 2523 en
1598 2480 1650 2523 de
1677 2494 1807 2524 vrou-

170 2561 267 2590 wen
293 2547 370 2590 der
393 2553 507 2591 twee
532 2549 952 2604 laatstgenoemden.
976 2550 1006 2592 's
1031 2549 1373 2604 Anderendaags
1396 2563 1488 2591 was
1512 2549 1587 2592 het
1609 2550 1661 2593 de
1680 2548 1806 2594 beurt

169 2630 251 2659 aan
290 2617 382 2659 vier
419 2616 655 2660 edellieden
691 2631 773 2660 van
809 2618 1035 2661 Elincourt
1055 2618 1139 2675 (2).
1186 2618 1454 2674 Boudewijn‚
1491 2618 1543 2661 de
1580 2633 1685 2662 zoon
1722 2633 1804 2662 van

170 2685 403 2736 Malkasin‚
432 2687 628 2730 vluchtte
665 2700 770 2729 naar
803 2688 1050 2745 Valencijn,
1088 2688 1210 2731 werd
1243 2701 1291 2730 er
1323 2688 1655 2744 aangehouden,
1699 2702 1806 2731 naar

215 2856 261 2898 (l)
285 2856 359 2890 Een
378 2857 471 2899 dorp
488 2857 590 2890 dicht
608 2858 656 2898 bij
676 2867 720 2890 en
736 2860 798 2890 ten
816 2857 973 2890 VVcstcn
991 2868 1060 2890 van
1081 2857 1235 2891 Dowaai
1252 2858 1426 2901 gelegen.

214 2913 247 2953 (2
286 2912 329 2945 In
354 2912 418 2945 het
440 2912 581 2945 kanton
608 2912 718 2954 Clary
743 2913 1079 2952 (arrondissement
1104 2914 1327 2956 Kamerijk).
1359 2915 1448 2948 Niet
1471 2914 1718 2948 Hormecourt
1737 2915 1806 2955 (Dc

173 2968 443 3012 Reiffenberg)‚
462 2967 558 3001 noch
575 2966 861 3001 Houdaz'ncoart
877 2968 993 3010 (Lea).
1038 2999 1041 3003 .
