2050 3470
781 275 918 309 ,45:5⁷0
946 274 1029 307 1:300
1682 270 1720 303 (31

87 389 333 442 verklaard,
362 388 434 434 dat
467 388 518 446 zij
546 389 658 433 niets
682 389 724 431 in
757 389 787 431 't
820 387 1021 430 voordeel
1055 386 1132 429 der
1164 383 1445 440 Tempelorde
1478 383 1648 426 haddon
1673 386 1716 425 te

90 474 273 517 zeggen.

133 562 274 596 Eadem
286 562 347 594 die
361 559 493 598 sabati,
510 557 597 602 [que
614 558 686 590 fuit
702 557 900 589 vicessima
915 555 1079 589 secunda
1095 554 1175 587 dies
1200 554 1338 586 mensis
1365 553 1395 586 N
1399 551 1615 595 ovcmbris],
1641 561 1721 593 per—

89 618 193 650 venit
209 626 255 650 ex
272 614 521 658 quorumdam
539 614 685 646 secreto
704 611 826 645 relatu
845 611 889 644 ad
908 611 1085 643 noticiam
1104 609 1351 651 quorumdam
1369 617 1415 641 ex
1432 608 1542 640 dictis
1559 607 1720 640 dominis

89 673 357 706 commissariis
370 671 551 713 quosdam
574 669 745 702 homines
758 678 840 701 csse
865 669 1037 700 detentos
1056 667 1238 706 Parisius,
1256 667 1319 707 qui
1337 666 1559 698 dicebantur
1575 665 1722 697 venisse

90 729 260 762 Parisius
276 736 344 769 pro
360 727 459 759 facto
477 726 664 758 dictorum
678 723 992 765 Templariorum,
1009 725 1046 755 et
1069 725 1109 754 ut
1135 721 1382 754 defenderent
1398 720 1569 753 ordinem
1588 728 1724 752 memo-

69 786 223 820 ratum.
244 782 351 815 Unde
376 790 460 813 cum
485 780 556 812 hoc
580 780 713 812 fuisset
739 788 806 820 per
831 777 929 817 illos,
957 779 1020 819 qui
1045 778 1189 811 secrete
1206 777 1376 819 predicta
1388 776 1623 814 audiverant,
1639 774 1724 807 aliis

90 838 251 871 dominis
268 836 426 879 collegis
453 845 583 869 eorum
611 836 833 874 reseratum,
863 833 1143 867 deliberacione
1167 831 1297 865 habita
1324 832 1424 864 inter
1452 840 1528 869 eos,
1555 831 1727 863 fecerunt

91 893 220 926 venire
231 891 277 925 ad
288 891 521 933 presenciam
533 889 750 923 eorumdem
762 889 984 931 magistrum
995 887 1018 921 J
1023 887 1209 920 ohannem
1220 887 1265 920 dc
1276 885 1485 919 Plublaveh
1497 884 1729 927 prepositum

91 946 276 980 castelleti
291 946 536 986 Parisiensis3
555 946 690 978 etcum
703 944 909 986 diligenter
922 944 1179 986 interrogatus
1193 943 1327 975 fuisset
1344 950 1412 984 per
1426 950 1502 980 eos,
1528 941 1558 972 si
1585 940 1622 972 in
1653 939 1729 981 pri-

92 1003 197 1035 sione
221 1011 289 1035 sua
301 1001 463 1034 habebat
477 1000 536 1033 vel
551 1000 702 1033 tenebat
719 999 878 1040 aliquos,
896 1000 958 1040 qui
976 999 1194 1031 dicerentur
1217 998 1363 1030 venisse
1402 997 1447 1030 ad
1473 996 1731 1029 defensionem

91 1057 234 1091 ordinis
247 1056 305 1091 vel
323 1066 390 1098 pro
408 1058 506 1089 facto
523 1056 642 1097 ipsius
659 1054 974 1096 Templariorum,
985 1053 1179 1095 respondit
1189 1061 1231 1087 se
1245 1053 1385 1086 habere
1399 1053 1542 1094 septem
1558 1050 1730 1084 homines

93 1113 133 1145 in
145 1113 312 1155 prisione
325 1120 405 1150 sua,
423 1120 516 1151 quos
533 1111 684 1150 ceperat
699 1110 736 1143 in
745 1108 875 1141 habitu
894 1107 1033 1147 laicali,
1047 1108 1093 1140 de
1107 1108 1281 1140 mandato
1300 1106 1513 1148 aliquorum
1531 1104 1730 1138 curialium

92 1167 232 1200 domini
250 1168 366 1210 regis,
385 1166 520 1208 quibus
544 1165 750 1197 curialibus
768 1165 892 1197 fuerat
916 1163 1090 1202 relatum,
1116 1163 1214 1204 quod
1239 1162 1399 1204 predicti
1424 1161 1595 1194 homines
1621 1162 1730 1193 erant

93 1223 302 1266 Templarii
319 1223 470 1266 fugitivi
488 1223 526 1255 et
542 1221 641 1263 quod
658 1222 839 1254 venerant
865 1219 1047 1258 Parisius,
1068 1221 1210 1251 mutato
1228 1218 1373 1257 habitu,
1397 1226 1482 1250 cum
1507 1216 1668 1258 pecunia
1685 1216 1729 1248 ad

95 1278 327 1320 querendum
352 1279 551 1312 advocatos
569 1279 606 1310 et
622 1275 859 1310 consiliarios
876 1277 913 1308 et
938 1275 984 1307 ad
1010 1274 1312 1317 investigandum
1330 1273 1420 1314 quid
1439 1273 1551 1305 fiebat
1567 1272 1613 1305 de
1631 1272 1730 1304 facto

96 1334 240 1366 ordinis
258 1333 452 1372 antedicti,
478 1333 516 1366 et
533 1331 632 1373 quod
656 1331 756 1364 idem
772 1330 985 1373 prepositus
1009 1329 1257 1370 inquisiverat
1280 1338 1364 1362 cum
1390 1329 1534 1361 duobus
1561 1336 1606 1360 ex
1632 1326 1734 1368 ipsis,

97 1398 191 1430 quos
207 1388 328 1422 eciam
347 1388 596 1429 subposuerat
613 1385 885 1427 questionibus,
911 1388 948 1417 et
973 1394 1047 1417 non
1076 1384 1273 1417 invenerat
1301 1385 1353 1417 ita
1377 1392 1459 1416 esse
1484 1383 1580 1415 sicut
1609 1383 1734 1414 fuerat

97 1442 270 1476 relatum.
302 1443 369 1476 Cui
399 1443 472 1474 fuit
500 1441 720 1484 preceptum
747 1449 816 1482 per
842 1440 1014 1472 dominos
1047 1439 1325 1472 commissarios
1363 1439 1599 1476 memoratos,
1629 1436 1728 1478 quod

98 1499 314 1532 immediate
334 1507 398 1532 eos
416 1497 620 1531 adduceret
635 1497 682 1530 ad
695 1497 930 1538 presenciam
948 1495 1179 1529 eorumdem.

139 1553 188 1586 Et
210 1563 295 1587 cum
323 1553 474 1586 adducti
502 1553 662 1585 fuissent
686 1560 813 1584 coram
841 1552 895 1584 eis
923 1552 961 1583 in
989 1550 1120 1583 habitu
1146 1549 1321 1588 seculari,
1356 1550 1510 1582 fuerunt
1534 1556 1661 1580 omnes
1692 1548 1729 1579 et

95 1608 237 1652 singuli
276 1607 481 1651 diligenter
519 1610 557 1640 et
588 1606 837 1650 singulariter
859 1606 1086 1649 interrogati
1118 1606 1163 1638 de
1196 1605 1423 1644 nominibus,
1450 1603 1667 1636 condicione
1698 1605 1735 1634 et

96 1671 209 1696 causa
231 1663 412 1696 adventus
436 1672 580 1702 eorum,
610 1666 648 1697 et
671 1664 702 1695 si
729 1663 906 1696 volebant
929 1662 1134 1696 defendere
1163 1662 1334 1694 ordinem
1366 1660 1636 1703 supradictum,
1663 1667 1731 1700 per

98 1728 191 1760 quos
218 1720 291 1752 fuit
315 1728 536 1761 responsum
557 1720 599 1751 ut
619 1719 790 1760 sequitur
793 1743 860 1751 .....

143 1775 312 1815 Tercius,
338 1775 402 1816 qui
438 1774 535 1806 dixit
557 1783 597 1807 se
631 1774 759 1806 vocari
794 1773 993 1806 Nicolaum
1016 1773 1063 1805 de
1096 1772 1215 1805 Sartis
1247 1771 1527 1805 Cameracensis
1562 1769 1734 1808 diocesiS,

99 1831 138 1863 et
153 1832 322 1872 quartus
354 1830 418 1872 qui
443 1830 539 1862 dixit
561 1839 601 1862 se
625 1831 748 1862 vocari
773 1829 990 1862 Escalinum
1006 1829 1052 1861 de
1081 1828 1265 1867 Tornaco‚
1296 1828 1333 1860 et
1358 1827 1522 1868 quintus,
1554 1826 1617 1866 qui
1642 1824 1738 1856 dixit

101 1895 140 1918 se
163 1886 290 1919 vocari
319 1885 527 1919 Henricum
555 1885 704 1924 Clerici,
735 1886 773 1918 et
800 1887 939 1924 sextus,
972 1885 1035 1926 qui
1067 1884 1163 1916 dixit
1192 1893 1232 1916 se
1263 1883 1391 1916 vocari
1418 1881 1674 1915 Johennetum
1691 1880 1736 1913 de

102 1940 318 1980 Cameraco,
337 1942 376 1973 et
399 1941 593 1982 septimus,
619 1941 683 1982 qui
708 1940 803 1973 dixit
826 1949 866 1972 se
890 1940 1016 1973 vocari
1042 1939 1285 1981 Henquinum
1308 1937 1458 1971 Villane
1483 1937 1528 1969 de
1554 1936 1734 1975 Pretano,

101 1995 308 2039 diligenter
331 1997 504 2038 requisiti
529 2005 646 2038 quare
670 2003 852 2030 venerant
877 1996 1046 2029 Parisius
1071 1997 1109 2029 et
1132 1996 1163 2027 si
1188 1994 1365 2028 volebant
1399 1994 1541 2027 dictum
1566 1993 1737 2026 ordinem

101 2050 317 2092 defendere,
344 2053 621 2094 responderunt
644 2053 821 2095 precisse,
847 2052 946 2093 quod
971 2061 1044 2084 non
1069 2053 1250 2084 venerant
1276 2050 1447 2083 Parisius
1472 2050 1517 2082 ad
1536 2049 1740 2082 defenden-

103 2106 191 2140 dum
223 2108 346 2149 ipsum
366 2108 551 2148 ordinem,
578 2110 616 2141 et
643 2108 742 2149 quod
759 2108 881 2149 ipsum
907 2107 1084 2140 nolebant
1112 2106 1330 2145 defendere,
1349 2114 1418 2138 nec
1434 2106 1585 2138 fuerant
1602 2104 1647 2137 ad
1665 2103 1736 2135 hoc

103 2163 220 2203 missi,
243 2172 311 2196 nec
328 2164 546 2197 mandatum
563 2173 584 2196 a
596 2172 784 2204 quoquam
797 2163 1021 2205 receperant
1033 2163 1078 2195 de
1095 2162 1196 2195 dicta
1219 2161 1439 2195 defensione
1463 2160 1646 2193 facienda.
1664 2157 1733 2192 Ve-

104 2219 315 2252 rumtamen
344 2219 569 2260 Henquinus
593 2220 632 2252 et
659 2218 836 2251 Nicolaus
864 2218 1025 2260 predicti
1049 2218 1238 2256 dixerunt,
1265 2216 1364 2258 quod
1388 2217 1540 2249 fuerant
1571 2214 1662 2247 olim
1694 2214 1733 2246 in

104 2274 263 2307 servicio
280 2275 528 2316 quorumdam
542 2274 845 2316 Templariorum
859 2274 904 2306 de
918 2274 1097 2306 comitatu
1114 2273 1300 2312 Hanonie‚
1328 2274 1365 2305 et.
1393 2272 1497 2304 missi
1526 2272 1571 2304 ab
1603 2271 1670 2310 cis,
1700 2271 1742 2302 ut

105 2329 378 2372 investigarent
401 2330 501 2370 quod
524 2330 634 2362 fieret
658 2329 827 2362 Parisius
851 2329 897 2362 de
924 2330 1023 2362 facto
1050 2329 1216 2370 ipsorum
1242 2326 1546 2369 Templariorum
1575 2328 1612 2358 et
1640 2326 1739 2366 quod

106 2384 307 2418 refferrent
323 2385 562 2427 postmodum
580 2385 646 2417 eis.

150 2439 242 2473 Cum
255 2442 380 2474 autem
409 2441 615 2482 supradicti
636 2441 780 2481 septem
797 2440 1013 2472 constanter
1044 2440 1269 2477 assererent,
1300 2438 1399 2479 quod
1430 2437 1608 2470 nolebant
1641 2437 1739 2469 ordi-

106 2505 191 2530 nem
227 2497 430 2530 defendere
468 2496 738 2537 supradictum,
778 2495 867 2528 licet
905 2495 1066 2536 predicti
1102 2494 1243 2527 domini
1283 2493 1531 2525 commissarii
1562 2493 1743 2525 offerrent

107 2550 162 2582 eis
175 2549 273 2591 quod
287 2549 408 2591 parati
423 2550 530 2581 erant
544 2548 706 2589 benigne
721 2547 852 2580 audire
865 2546 1028 2585 eosdem,
1044 2550 1082 2579 et
1095 2546 1193 2587 quod
1207 2554 1351 2584 secure,
1366 2546 1397 2577 si
1411 2544 1587 2578 volebant
1600 2545 1742 2577 dictum

108 2604 279 2637 ordinem
310 2603 526 2643 defendere,
556 2603 678 2644 ipsum
713 2603 969 2642 defenderent,
1007 2603 1046 2635 et
1081 2601 1259 2643 quicquid
1289 2600 1430 2634 vellent
1469 2600 1638 2633 dicerent
1675 2610 1743 2642 pro

108 2660 240 2692 ordine
253 2659 480 2701 supradicto,
499 2660 536 2691 et
553 2659 679 2691 essent
695 2666 853 2700 persone
875 2658 920 2690 de
939 2658 1074 2698 quibus
1094 2667 1167 2689 non
1193 2657 1275 2690 erat
1298 2655 1516 2694 verisimile,
1549 2655 1647 2696 qnod
1674 2664 1741 2696 pro

109 2715 327 2748 defensione
352 2714 442 2747 dicti
471 2714 613 2746 ordinis
637 2713 838 2752 venissent,
857 2712 1153 2756 licenciaverunt
1167 2720 1232 2744 cos
1250 2720 1272 2744 a
1288 2711 1484 2753 presencia
1510 2710 1742 2751 corumdem,

110 2770 276 2804 dicentes
289 2770 457 2811 predicto
471 2770 662 2811 preposito
675 2767 878 2807 Castellcti,
893 2768 992 2809 quod
1008 2768 1108 2809 ipsos
1121 2766 1178 2800 vel
1194 2776 1449 2808 quoscumque
1465 2766 1559 2799 alios
1573 2765 1741 2798 volentes

110 2823 288 2856 accedere
305 2823 351 2856 ad
374 2823 608 2864 presenciam
625 2821 811 2853 dictorum
837 2821 1076 2853 dominorum
1104 2820 1448 2852 commissariorum
1467 2821 1504 2851 et
1532 2828 1598 2861 pro
1618 2818 1743 2850 defen-

111 2878 215 2911 sione
227 2878 317 2910 dicti
335 2877 478 2910 ordinis
493 2876 552 2910 vel
567 2877 652 2910 aliis
665 2875 816 2917 aliquod
830 2885 1041 2918 proponere
1054 2885 1182 2908 corani
1200 2875 1267 2914 cis,
1288 2874 1503 2908 nullatenus
1521 2873 1743 2915 impediret,

114 2942 180 2966 nec
192 2934 238 2966 ab
255 2933 340 2966 aliis
353 2933 594 2975 permitteret
609 2931 892 2973 quomodolibet
908 2931 1096 2973 impediri.
1112 2930 1160 2963 Et
1173 2930 1364 2972 predictus
1378 2930 1590 2972 prepositus
1606 2927 1746 2962 Castel-

114 2989 178 3022 leti
207 2989 301 3022 dixit
328 2998 367 3022 se
396 2988 605 3030 pariturum
624 2989 661 3020 in
690 2987 760 3019 hoc
778 2987 963 3020 mandatis
991 2996 1134 3025 corum,
1164 2987 1202 3020 et
1231 2986 1276 3019 de
1302 2985 1494 3019 voluntate
1523 2988 1559 3017 et
1593 2992 1745 3018 assensu
