2050 3470
276 332 318 364 50
904 327 1038 361 ANNO
1066 328 1162 367 127⁴,
1192 327 1275 360 1298

943 478 1013 521 ao
1049 473 1247 533 (144wq.

341 607 454 649 Vo'o'r
488 607 603 646 1274.
641 606 878 649 Uittreksel
904 605 965 648 uit
987 605 1038 647 de
1060 604 1249 646 Summa
1278 603 1540 659 leeoloyica
1563 617 1643 644 van
1664 603 1744 645 den
1769 603 1894 645 heili-

271 688 353 730 gen
379 675 564 718 Thomas
587 689 669 717 van
694 674 861 730 Aquino
885 673 933 730 (†
955 673 1083 727 1274)
1106 685 1209 715 over
1235 672 1309 714 het
1326 671 1490 714 dooden
1524 671 1600 713 der
1635 672 1817 716 ketterS.
1844 697 1895 703 —

270 744 328 786 De
352 743 496 786 ketter
519 743 716 786 verdient
748 743 829 785 den
863 742 970 784 dood
1004 755 1088 797 nog
1123 754 1239 783 meer
1272 741 1354 783 dan
1392 740 1443 782 de
1481 740 1652 782 valsche
1690 744 1893 791 munter;

270 825 389 854 maar·
420 812 471 854 de
504 811 623 854 Kerk
662 811 697 853 is
735 810 1036 866 goedertieren
1069 823 1122 852 en
1156 809 1317 853 slechts
1354 822 1408 851 na
1441 814 1554 851 twee
1583 809 1894 865 vermaningen

269 880 409 922 levert
431 881 482 936 zij
522 879 619 922 hem
653 893 733 922 aan
768 880 848 921 den
882 877 1180 934 wereldlijken
1206 891 1298 920 arm
1321 890 1439 929 over,
1477 890 1543 919 om
1567 877 1664 920 hem
1686 877 1791 920 door
1813 877 1896 920 den

266 947 373 990 dood
395 947 457 992 uit
474 948 576 991 deze
602 947 763 991 wereld
783 952 826 991 te
847 946 1118 991 verbannen.

821 1039 874 1073 De
897 1038 1026 1072 heresi.
1053 1057 1095 1062 —
1122 1038 1265 1076 Questz'o
1289 1039 1343 1082 oej.

738 1096 776 1128 3⁰
809 1094 942 1127 Utrum
958 1093 1106 1127 heretici
1129 1095 1202 1126 sint
1226 1092 1422 1126 tolerandi.

390 1171 595 1204 Dicendum
609 1174 665 1204 est
678 1172 775 1213 quod
793 1172 893 1204 circa
911 1171 1097 1204 hereticos
1115 1171 1187 1203 duo
1204 1173 1289 1203 sunt
1303 1170 1594 1204 consideranda:
1613 1179 1728 1203 unum
1745 1170 1896 1212 quidem

265 1235 310 1258 cx
328 1229 433 1268 parte
451 1228 629 1268 ipsorum,
652 1226 753 1258 aliud
771 1235 860 1259 vero
877 1234 923 1258 ex
941 1227 1047 1267 parte
1065 1224 1236 1258 ecclesie.

309 1281 363 1313 Ex
388 1288 494 1322 parte
520 1281 670 1322 quidem
696 1281 863 1322 ipsorum
881 1282 937 1313 est
962 1281 1156 1322 peccatum
1180 1289 1248 1321 per
1271 1279 1369 1320 quod
1386 1280 1605 1312 meruerunt
1622 1289 1695 1312 non
1712 1279 1833 1312 solum
1849 1280 1895 1312 ab

265 1333 423 1366 ecclesia
447 1343 515 1375 per
539 1333 966 1366 excommunicationem
994 1333 1175 1374 separari,
1203 1332 1267 1365 sed
1292 1333 1405 1364 etiam
1429 1341 1497 1374 per
1522 1334 1682 1366 mortem
1714 1343 1735 1366 a
1758 1333 1896 1366 mundo

263 1389 422 1421 excludi.
440 1387 556 1421 Multo
575 1389 676 1420 enim
694 1388 846 1430 gravius
863 1390 919 1420 cst
951 1396 1194 1429 corrumpere
1223 1387 1335 1419 fidem
1359 1396 1426 1428 per
1453 1396 1563 1428 quam
1587 1390 1643 1421 est
1660 1388 1783 1421 anime
1808 1389 1897 1429 vita,

264 1452 374 1484 quam
391 1442 529 1476 falsare
541 1443 739 1484 pecuniam
756 1452 824 1484 per
855 1452 965 1483 quam
991 1441 1189 1483 temporali
1207 1442 1282 1474 vite
1307 1442 1538 1474 subvenitur.
1567 1443 1673 1476 Unde
1701 1444 1731 1475 si
1750 1443 1891 1484 falsarij

262 1499 419 1540 pecunie
437 1497 495 1529 vel
521 1497 583 1539 alij
605 1497 866 1530 malefactores
893 1497 1020 1529 statim
1044 1506 1112 1538 per
1135 1496 1322 1529 seculares
1347 1497 1538 1538 principes
1552 1498 1649 1530 iuste
1674 1498 1786 1530 morti
1811 1500 1887 1530 tra-

262 1553 413 1591 duntur,
432 1551 549 1584 multo
575 1553 692 1594 magis
717 1551 889 1591 heretici,
908 1552 1035 1584 statim
1054 1560 1099 1584 ex
1117 1560 1189 1592 quo
1207 1551 1252 1583 de
1278 1551 1401 1584 heresi
1420 1552 1705 1595 convincuntur,
1730 1554 1887 1595 possunt

263 1617 335 1639 non
354 1606 473 1639 solum
492 1607 822 1646 excommunicari,
842 1607 906 1639 sed
925 1608 961 1639 et
979 1606 1076 1639 iuste
1097 1606 1230 1638 occidi.

304 1662 360 1694 Ex
377 1664 482 1703 parte
500 1664 625 1694 autem
643 1661 800 1694 ecclesie
817 1664 873 1695 est
887 1662 1146 1693 misericordia
1159 1662 1204 1694 ad
1219 1662 1428 1694 errantium
1442 1663 1737 1702 conversionem,
1756 1664 1793 1696 et
1806 1663 1890 1695 ideo

262 1727 334 1749 non
352 1717 478 1749 statim
494 1716 729 1758 condemnat,
749 1717 813 1750 sed
830 1718 913 1758 post
929 1717 1089 1758 primam
1107 1719 1143 1748 et
1160 1717 1363 1748 secundam
1376 1717 1668 1758 correptionem,
1686 1719 1728 1750 ut
1746 1719 1891 1760 aposto-

262 1772 319 1804 lus
344 1772 462 1805 docet.
490 1770 735 1804 Postmodum
762 1779 864 1808 vero,
884 1769 913 1800 si
947 1768 1068 1800 adhuc
1092 1769 1266 1810 pertinax
1293 1769 1519 1808 inveniatur,
1550 1769 1708 1802 ecclesia
1733 1770 1778 1803 de
1812 1771 1898 1807 eius

261 1828 544 1860 conservatione
562 1836 634 1859 non
663 1834 817 1867 sperans
835 1823 995 1857 aliorum
1013 1822 1124 1856 saluti
1153 1824 1324 1865 providet
1340 1832 1426 1856 eum
1444 1825 1488 1856 ab
1507 1823 1666 1858 ecclesia
1683 1825 1891 1867 separando

259 1892 326 1925 per
343 1881 740 1915 excommunicationis
765 1879 1003 1920 sentent-iam,
1022 1880 1059 1911 et
1075 1878 1234 1911 ulterius
1258 1878 1439 1919 relinquit
1457 1888 1543 1911 eum
1572 1880 1711 1913 iudicio
1732 1879 1894 1914 seculari

259 1947 280 1971 a
297 1937 433 1969 mundo
452 1935 780 1969 exterminandum
797 1943 866 1976 per
883 1935 1056 1966 mortem.

609 2012 771 2045 Thomas
806 2020 875 2043 van
910 2011 1071 2051 Aquino,
1095 2009 1250 2042 Summa
1273 2008 1500 2052 Theoloyz'ca‚
1520 2011 1684 2043 secunda
1700 2009 1888 2043 secundae

652 2067 796 2108 questio
815 2066 864 2107 xj,
883 2067 952 2097 art.
972 2065 1138 2104 tertium,
1168 2066 1206 2097 in
1234 2064 1279 2097 de
1310 2064 1427 2107 Opera
1445 2066 1570 2097 omnia
1586 2064 1756 2107 (Venetie
1775 2063 1887 2105 1496),

651 2122 732 2155 decl
751 2121 800 2162 ΙΙ,
815 2122 849 2153 28
867 2120 965 2160 stuli,
979 2119 1044 2151 sol.
1065 2119 1229 2153 l4.—Zie
1246 2119 1310 2152 het
1327 2119 1529 2152 hoofdstuk
1544 2129 1551 2152 ε
1579 2119 1809 2162 Wetgeving
1824 2119 1894 2151 der

649 2175 882 2217 wereldlijke
899 2174 1023 2207 macht
1036 2177 1148 2216 tegeri
1165 2175 1210 2207 de
1227 2174 1532 2207 Nederlandsche
1559 2174 1715 2213 ketters,
1741 2174 1779 2205 in
1797 2181 1887 2205 onze

651 2229 906 2266 Geschiedenis
918 2228 1181 2273 derlaquz’sstz'e
1193 2231 1232 2262 in
1248 2228 1293 2263 de
1305 2228 1582 2269 Nederlanden,
1598 2228 1682 2262 deel
1706 2228 1736 2269 Ι,
1756 2227 1825 2260 blz.
1844 2227 1888 2260 99

654 2296 701 2319 en
718 2286 816 2328 volg.

930 2402 991 2445 31
1030 2394 1230 2456 (157fflq.

318 2532 436 2579 1298,
469 2527 741 2587 September.
779 2529 900 2572 Edict
926 2542 1006 2571 van
1029 2528 1112 2571 den
1135 2528 1390 2570 Franschen
1422 2527 1587 2581 koning
1620 2525 1785 2582 Philips
1824 2525 1888 2569 IV

256 2600 335 2643 den
354 2601 548 2644 Schoone
567 2613 671 2641 over
688 2599 739 2641 de
759 2597 1048 2652 behandeling
1065 2597 1142 2639 der
1159 2597 1326 2640 ketters
1350 2597 1453 2638 door
1469 2595 1581 2652 zijne
1599 2594 1881 2651 rechterlijke

255 2668 535 2712 ambtenaren
560 2668 603 2709 in
627 2668 803 2723 overleg
825 2670 913 2709 met
936 2666 987 2708 de
1010 2664 1369 2721 bissehoppelijke
1391 2678 1442 2707 en
1477 2663 1717 2720 pauselijke
1740 2662 1886 2718 Inqui-

258 2738 367 2780 sitie.
397 2763 444 2769 —
467 2737 606 2792 Opdat
637 2737 688 2778 de
720 2735 827 2778 zaak
850 2735 926 2777 der
947 2734 1169 2789 Inquisitie
1206 2733 1493 2788 vooruitgang
1527 2745 1605 2774 zou
1629 2731 1803 2783 maken,
1832 2745 1887 2774 en

257 2819 362 2847 naar
388 2806 463 2847 het
495 2803 724 2847 voorbeeld
748 2818 830 2845 van
865 2803 977 2859 ziJne
999 2801 1311 2850 voorvaderen,
1345 2800 1515 2843 beveelt
1539 2800 1589 2842 de
1614 2799 1780 2855 koning
1803 2813 1886 2843 aan

255 2875 338 2915 alle
362 2874 590 2928 hertogen,
617 2886 783 2928 graven
817 2885 871 2914 en
899 2872 1132 2921 baroenen,
1159 2869 1308 2912 alsook
1330 2883 1412 2912 aan
1436 2869 1520 2911 alle
1544 2868 1882 2919 seneschalken,

254 2941 437 2998 baljuws
456 2956 507 2984 en
532 2940 690 2983 andere
709 2939 987 2995 rechterlijke
1004 2938 1300 2989 ambtenaren‚
1323 2942 1366 2981 te
1386 2937 1708 2994 gehoorzamen
1729 2950 1812 2979 aan
1830 2937 1882 2979 de

252 3010 535 3066 bisschoppen
560 3024 611 3052 en
630 3023 713 3051 aan
729 3009 782 3051 de
799 3009 904 3051 door
925 3008 1007 3050 den
1026 3009 1080 3052 H.
1101 3007 1217 3052 Stoel
1233 3007 1456 3063 gezonden
1479 3005 1526 3050 of
1544 3019 1631 3062 nog
1648 3009 1692 3050 te
1711 3004 1878 3048 zenden
