2050 3470
739 269 875 305 ANNO
903 268 1092 303 1175-1177
1689 275 1732 308 35

101 383 341 418 exundabant
358 381 548 421 incendia,
567 381 603 412 et
622 379 688 413 illa
704 382 829 412 tamen
847 380 1008 412 ecclesia
1024 380 1129 420 quasi
1149 380 1425 422 refugientibus
1442 383 1479 414 et
1496 383 1731 424 torpentibus

103 439 274 476 flammis,
293 438 434 470 intacta
448 436 614 478 perstitit
632 437 669 468 et
686 434 804 467 illesa.
824 435 872 469 At
885 437 959 474 tua,
981 436 1087 468 beate
1106 435 1232 476 Petro,
1251 436 1394 475 domus,
1413 438 1488 476 tua,
1508 448 1528 469 0
1547 439 1729 481 apostole,

102 494 269 527 decentis
287 493 474 525 structure
494 489 660 529 basilica,
681 490 802 532 primo
821 499 842 523 a
861 490 968 523 beato
983 489 1152 522 Huberto
1170 490 1324 523 fundata
1337 492 1374 523 et
1391 493 1473 533 post
1487 501 1508 525 a
1524 493 1730 526 vonerabili

101 547 292 581 Richardo
311 547 486 588 episcopo
515 545 696 587 ampliata
713 547 749 578 et
766 545 949 584 dedicata,
976 545 1107 578 eodeni
1125 545 1298 578 incendio
1316 555 1400 578 cum
1423 547 1583 581 ecclesia
1605 558 1732 591 parro-

101 602 214 635 chiali
254 605 468 635 sanctorum
510 600 714 633 Clementis
750 610 843 642 pape
879 602 915 633 et
953 600 1140 632 Trudonis
1173 601 1399 633 confessoris
1435 604 1628 635 combusta
1663 605 1729 635 est.

102 656 313 690 Claustrum
337 665 485 698 quoquc
510 665 594 688 cum
619 656 779 687 cilicinis
806 655 1071 688 claustralibus
1100 656 1198 698 ignis
1223 665 1336 688 vorax
1362 658 1602 698 consumpsit.
1632 657 1732 690 Proh

100 712 226 744 dolor!
253 713 408 754 proptor
433 714 586 753 peccata
610 710 902 743 inhabitantium
924 711 975 742 sic
993 708 1181 743 interdum
1199 716 1328 743 sancta
1349 712 1616 753 disperduntur
1632 712 1733 745 habi-

100 767 237 807 tacula,
260 769 416 809 propter
441 766 809 808 indisciplinatorum
837 767 997 798 offensas
1025 767 1078 798 sic
1107 766 1295 798 interdum
1324 767 1450 799 divina
1477 767 1733 800 destituuntur

101 822 325 855 sanctuaria.
368 822 572 863 Postquam
614 822 734 863 igitur
773 821 964 863 sepedicta
1002 820 1163 854 ecclesia
1202 822 1238 853 in
1274 821 1415 854 honore
1449 824 1575 855 sancte
1615 823 1733 856 Marie

101 877 292 918 sanctique
310 874 498 908 Lamberti
513 875 732 907 consecrata
745 876 983 906 concremata
997 875 1064 912 est,
1080 875 1232 915 totaque
1246 873 1312 906 illa
1325 873 1479 916 elegans
1493 875 1733 916 pulchritudo

102 931 248 974 picture
270 930 409 964 veteris
435 930 472 963 et
496 929 580 962 novi
608 929 823 962 testamenti
847 938 930 961 cum
957 928 1041 961 aliis
1066 928 1332 961 ecclesiasticis
1354 928 1533 971 hystoriis
1558 932 1594 963 et
1617 932 1734 973 gestis

101 985 336 1019 diversorum
365 984 585 1026 pontificum
617 983 791 1016 incendio
821 983 1038 1016 devastata:
1069 982 1188 1016 altare
1217 983 1325 1016 beate
1353 983 1486 1023 Mai-ie,
1516 985 1685 1025 quamvis
1713 994 1735 1018 a

103 1031 262 1074 flammis
275 1039 425 1072 illesum
439 1039 679 1081 perstitisset,
693 1040 776 1080 post
789 1047 928 1079 paucos
939 1038 1018 1071 dies
1032 1047 1213 1071 consensu
1226 1039 1391 1080 episcopi
1404 1041 1441 1071 et
1453 1040 1733 1080 canonicorum,

101 1097 143 1128 ut
159 1104 255 1129 nova
271 1094 517 1128 inchoaretur
541 1092 714 1133 ecclesia,
734 1094 968 1126 confractum
985 1095 1052 1125 est.
1078 1093 1125 1125 Et
1147 1095 1189 1125 ut
1212 1092 1412 1134 prophetia
1428 1094 1499 1126 viri
1518 1094 1586 1127 Dei
1604 1094 1734 1136 imple-

100 1153 218 1190 retur,
244 1151 282 1183 in
307 1149 388 1182 loco
413 1149 478 1181 ubi
504 1150 692 1191 prefatum
718 1148 836 1181 altare
861 1148 972 1180 situm
998 1149 1091 1186 erat,
1117 1148 1186 1180 visi
1213 1149 1299 1180 sunt
1325 1148 1547 1190 plerumque
1572 1151 1608 1182 et
1630 1149 1734 1191 porci

99 1205 283 1246 habitare,
309 1206 506 1247 ipsumque
530 1203 653 1237 locum
678 1204 968 1244 circumquaque
994 1203 1219 1244 polluentes,
1246 1204 1428 1236 fetentem
1447 1206 1484 1237 et
1501 1204 1734 1237 immundum

101 1260 346 1294 reddiderunt
349 1284 414 1292 .....
447 1258 522 1292 Sub
546 1259 678 1292 eodem
705 1259 818 1291 etiam
842 1261 1011 1299 tempore
1037 1258 1148 1299 (1187)
1172 1258 1303 1290 domus
1331 1260 1490 1299 quedam
1515 1259 1735 1293 claustrales

100 1315 217 1357 ipsius
245 1314 403 1347 ecclesie
433 1323 478 1347 ex
510 1315 662 1347 decreto
695 1313 890 1346 cuiusdam
923 1313 1178 1354 imperatoris,
1213 1313 1277 1354 qui
1309 1315 1397 1345 tunc
1429 1315 1608 1355 temporis
1647 1324 1733 1348 casu

100 1370 292 1403 accidente
318 1370 496 1403 Leodium
517 1371 684 1408 venerat,
713 1369 837 1401 dirute
863 1370 959 1400 sunt.
984 1368 1102 1400 Nemo
1128 1369 1252 1400 tamen
1279 1377 1368 1401 sane
1392 1369 1528 1401 mentis
1551 1370 1732 1412 ambigat,

101 1424 270 1457 districto
286 1425 354 1457 Dei
367 1425 507 1466 judicio
520 1424 590 1457 hoc
605 1426 728 1457 actum
741 1424 875 1464 fuisse3
895 1423 1135 1464 prebendarii
1153 1432 1313 1464 namque
1331 1422 1368 1456 in
1391 1424 1445 1456 eis
1459 1427 1733 1458 commorantes

101 1480 475 1513 commessationibus
503 1482 540 1513 et
567 1479 814 1513 ebrietatibus
842 1479 1065 1511 insistebant
1090 1481 1127 1511 et
1155 1487 1228 1510 non
1253 1478 1384 1511 diebus
1413 1488 1533 1520 neque
1563 1480 1733 1512 noctibus

102 1544 124 1568 a
147 1534 401 1577 voluptatibus
429 1536 466 1568 et
489 1535 613 1567 carnis
640 1534 830 1567 illecebris
858 1533 1050 1566 vacabant.
1082 1533 1137 1566 Ea
1160 1542 1262 1572 vem,
1281 1542 1352 1573 que
1384 1534 1631 1575 propinquius
1662 1535 1731 1576 ipsi

101 1589 259 1622 ecclesie
285 1589 462 1623 inherere
483 1590 691 1629 videbatur,
721 1590 812 1622 adeo
838 1589 1031 1621 destructa
1061 1589 1130 1626 est,
1158 1588 1198 1619 ut
1221 1597 1293 1619 nou
1324 1587 1445 1620 solum
1470 1597 1515 1620 ex
1538 1597 1583 1621 ea
1610 1590 1734 1630 paries

102 1644 252 1687 integer
274 1655 346 1678 non
372 1647 598 1685 remaneret,
625 1644 754 1677 verum
780 1645 895 1677 etiam
921 1652 990 1675 nec
1017 1642 1112 1684 lapis
1139 1651 1252 1684 super
1280 1642 1443 1683 lapidem
1471 1645 1605 1685 staret3
1636 1645 1734 1686 quod

102 1700 198 1732 miro
215 1701 484 1742 omnipotentis
509 1701 577 1734 Dei
600 1700 743 1742 Judicio
771 1701 894 1732 actum
923 1698 1124 1737 credimuS,
1151 1698 1181 1729 si
1208 1707 1289 1730 rem
1313 1700 1458 1739 gestam
1483 1700 1731 1732 attendamus.

102 1755 189 1796 Ipsa
202 1764 362 1797 namque
379 1757 543 1789 scortum
560 1757 661 1788 facta
676 1754 880 1797 publicum,
900 1754 1045 1786 cunctis
1062 1752 1266 1786 libidinum
1283 1754 1594 1794 perversitatibus
1611 1756 1735 1788 fuerat

102 1811 314 1853 mancipata
331 1813 368 1843 et
389 1811 536 1844 culture
550 1811 708 1844 Veneris
724 1810 874 1852 penitus
888 1809 1071 1842 dedicata.
1086 1809 1206 1841 Porro
1218 1808 1389 1840 homines
1403 1810 1440 1841 et
1451 1817 1562 1842 canes
1576 1811 1612 1842 et
1629 1812 1733 1852 porci

103 1867 242 1900 ibidem
259 1867 473 1900 habitantes
498 1868 535 1899 et
557 1867 699 1899 tributa
731 1865 874 1898 ventris
896 1863 1153 1906 persolventes
1174 1864 1297 1896 fetore
1323 1863 1447 1895 locum
1471 1863 1732 1906 impleverunt,

102 1924 156 1957 ita
183 1925 224 1956 ut
248 1924 327 1966 ipse
356 1925 455 1956 fetor
482 1922 705 1965 plerumque
740 1922 786 1954 ad
819 1920 938 1954 altare
971 1919 1071 1953 beati
1100 1919 1278 1961 martyris
1306 1920 1526 1952 ascenderet
1558 1921 1595 1952 et
1624 1929 1734 1953 nares

103 1979 471 2012 circumadstantium
488 1978 656 2021 graviter
673 1976 892 2010 offenderet.

145 2035 283 2068 Volens
311 2035 437 2076 itaque
466 2033 656 2076 predictus
673 2031 896 2074 Radulphus
920 2031 1119 2072 episcopus
1145 2030 1190 2063 de
1214 2030 1294 2062 viro
1314 2029 1383 2062 Dei
1401 2032 1608 2063 memorato
1627 2030 1733 2063 Lam-

106 2092 212 2125 berto
231 2091 455 2124 clericorum
472 2089 570 2121 votis
587 2089 817 2126 satisfacere,
837 2087 946 2119 iussit
962 2095 1047 2119 eum
1062 2085 1195 2118 deduci
1215 2086 1251 2118 et
1268 2085 1306 2117 in
1324 2086 1446 2118 castro
1464 2086 1509 2118 de
1525 2086 1733 2129 Revougne

104 2146 343 2180 incarcerari.
383 2145 486 2184 Quod
523 2145 577 2177 ita
611 2144 751 2177 factum
787 2143 856 2176 est.
896 2142 1029 2183 Ibique
1065 2151 1149 2173 cum
1189 2140 1464 2182 aliquantulum
1501 2142 1563 2174 diu
1603 2145 1733 2184 captus

106 2203 351 2240 detineretur,
379 2203 482 2233 actus
511 2198 767 2242 apostolorum
788 2198 833 2230 de
859 2198 992 2230 Latino
1026 2197 1063 2229 in
1090 2196 1275 2229 Gallicum
1298 2196 1512 2237 transtulitg
1538 2198 1597 2230 cui
1621 2199 1734 2231 etiam

105 2258 284 2290 scribenti
300 2256 441 2290 Paulus
459 2254 662 2297 apostolus,
681 2262 792 2295 quem
810 2253 890 2294 ipse
905 2253 1037 2284 intimo
1051 2252 1174 2284 cordis
1193 2252 1327 2284 affectu
1342 2251 1525 2294 diligebat
1538 2271 1579 2276 —
1596 2253 1734 2286 dudum

104 2310 138 2347 ei
166 2313 204 2345 in
228 2311 390 2345 ecclesia
413 2321 481 2345 sua
510 2310 640 2344 Leodii
669 2309 853 2342 servierat
873 2326 914 2331 —
945 2307 1165 2349 apparuisse
1193 2307 1332 2339 dicitur
1361 2310 1397 2339 et
1422 2307 1608 2348 quoddam
1637 2309 1735 2350 quod

105 2369 151 2402 ad
180 2365 418 2401 scribendum
444 2363 697 2397 necessarium
722 2361 884 2393 habebat
908 2360 1196 2393 administravit.
1221 2360 1312 2392 Post
1336 2359 1405 2391 hec
1429 2362 1554 2393 autem
1579 2361 1734 2394 suaden-

105 2424 202 2456 tibus
233 2421 389 2465 prelatis
421 2421 458 2453 et
489 2418 638 2452 clericis
677 2425 899 2450 consensum
940 2415 1093 2457 prebuit
1131 2413 1339 2456 episcopus,
1373 2416 1413 2447 ut
1446 2415 1491 2447 ad
1526 2415 1734 2447 Romanam

105 2477 303 2512 ecclesiam
326 2476 554 2513 mitteretur,
573 2475 610 2506 et
630 2480 792 2514 quenam
815 2479 882 2503 sua
904 2471 1002 2502 esset
1026 2470 1229 2511 dementia,
1255 2468 1508 2502 ecclesiastice
1525 2469 1736 2502 severitatis

106 2534 234 2576 rigore
248 2531 475 2574 compulsuS‚
495 2536 768 2571 recognoscere
785 2527 998 2568 cogeretur.
1019 2525 1192 2558 Summus
1206 2525 1332 2565 itaque
1349 2525 1518 2566 pontifex
1536 2525 1638 2566 pium
1656 2524 1737 2556 eius

106 2588 335 2622 desiderium
364 2588 526 2625 intuens,
556 2585 743 2617 veraciter
770 2582 972 2621 intellexit,
1006 2581 1105 2622 quod
1137 2590 1206 2623 per
1230 2581 1408 2613 invidiam
1436 2581 1506 2612 hoc
1534 2581 1568 2613 ei
1596 2581 1735 2612 factum

107 2644 252 2683 suisset,
282 2644 319 2676 et
354 2641 615 2675 misericordia
642 2640 777 2679 motus,
808 2637 955 2670 indulta
979 2636 1132 2670 licentia
1164 2636 1396 2678 predicandi,
1432 2636 1553 2677 ipsum
1583 2635 1619 2666 in
1646 2643 1736 2675 pace

108 2699 255 2732 remisit
279 2698 325 2731 ad
347 2698 513 2740 propria.
547 2695 618 2734 Qui
641 2695 730 2727 dum
751 2693 1034 2737 regrederetur,
1068 2693 1165 2724 viam
1196 2692 1370 2724 universe
1393 2691 1517 2723 carnis
1545 2691 1737 2733 ingressus

108 2754 165 2788 est
182 2752 422 2795 feliciterque
436 2751 614 2795 migravit
629 2750 675 2784 ad
693 2749 906 2783 Dominum.

460 2829 611 2873 Aegidii
629 2826 958 2862 Aureaevallensis
985 2824 1096 2859 Gesta
1112 2826 1363 2868 epezecoporum
1382 2823 1652 2862 Leodiensium,
1669 2824 1738 2856 uit-

502 2893 671 2928 gegeven
696 2883 789 2916 door
810 2882 847 2915 J.
874 2881 1007 2914 Heller
1033 2881 1080 2921 bij
1101 2881 1224 2921 Pertz,
1243 2879 1500 2919 Monumenta,
1526 2879 1736 2922 δαήμονες,

505 2940 588 2974 deel
606 2939 724 2979 XXV,
744 2938 814 2971 blz.
834 2936 989 2970 llo-112.
1004 2955 1048 2962 —
1061 2936 1124 2969 Zie
1149 2935 1222 2969 ook
1247 2936 1293 2969 de
1318 2935 1398 2968 Vita
1414 2934 1459 2968 B.
1482 2934 1622 2968 Odilae'ae
1639 2934 1675 2966 in
1694 2933 1739 2966 de

504 2994 686 3030 Analecta
702 2991 975 3032 Bollandiana,
989 2990 1071 3026 deel
1086 2991 1194 3031 XIII,
1214 2991 1281 3024 blz.
1293 2990 1439 3024 206-209
1454 2991 1577 3032 (1894).
