2050 3470
834 251 972 285 ANNO
999 251 1083 283 1418
1713 253 1776 286 207

128 359 359 400 scientificis,
378 359 647 402 spectabilibus
672 360 901 403 famosisque
925 362 1017 394 viris
1045 361 1240 404 magistris
1265 362 1303 394 et
1328 361 1546 395 doctoribus
1570 362 1775 397 licentiatis

127 424 170 448 ac
188 415 414 457 bacallarijs,
433 426 475 448 ac
494 417 608 449 etiam
623 416 891 450 nonnullorum
906 426 1054 460 regum,
1071 417 1220 457 ducum,
1239 417 1467 459 principum,
1482 417 1717 459 prelatorum
1731 428 1774 452 ac

126 472 416 505 vniuersitatum
441 472 664 512 studiorum,
692 473 1017 514 communitatum,
1038 472 1303 514 capitulorum,
1328 475 1596 513 conuentuum,
1622 476 1660 507 et
1677 484 1774 516 quo·-

125 527 298 560 rumdam
313 526 474 560 aliorum
489 527 700 560 absentium
716 529 1050 569 ambasiatoribus,
1066 528 1208 569 nuntijs
1223 529 1260 561 et
1274 529 1599 570 procuratoribus,
1615 529 1774 571 alijsque

125 582 355 615 notabilibus
385 584 422 615 et
450 583 733 624 circumspectis
761 583 853 615 viris
885 593 953 625 pro
984 584 1117 616 eodem
1147 592 1254 616 sacro
1288 582 1462 625 generali
1495 583 1775 617 (tonstantiensi

125 637 285 670 concilio
303 639 341 671 in
360 638 580 671 Constantia
597 639 806 678 destinatis,
829 640 1092 678 existentibus,
1114 640 1152 672 et
1170 639 1260 681 ipsis
1287 639 1324 670 in
1343 638 1436 670 10015
1462 641 1500 671 et
1524 639 1674 671 sedibus
1697 641 1774 673 51115

122 695 162 725 vt
185 694 302 726 moris
319 695 377 727 est
399 694 630 734 sedentibus,
658 695 729 727 fuit.
758 695 795 727 in
821 696 969 736 prefato
989 694 1070 726 loco
1097 694 1398 727 constantiensis
1424 693 1595 736 ecclesie,
1621 696 1773 736 quidam

122 749 302 782 Nicolaus
327 750 549 791 Serrurarij,
579 750 799 783 Leodiensis
824 750 997 792 diocesis,
1026 752 1145 783 frater
1174 750 1318 782 ordinis
1348 749 1623 783 heremitarum
1652 752 1772 784 sancti

121 805 323 848 Augustinj
340 806 548 838 conuentus
567 806 832 848 Tornacensis‚
846 807 885 839 in
905 805 1100 849 theologia
1113 806 1309 849 magister,
1329 806 1524 846 adductus,
1540 807 1578 839 et
1594 807 1633 839 in
1646 808 1771 840 medio

121 859 196 893 loci
209 860 370 902 predicti
389 861 426 893 in
445 861 607 902 quodam
626 871 764 894 scanno
780 862 870 895 satis
885 861 961 895 alto
980 863 1018 895 et
1036 871 1057 895 a
1074 863 1177 895 terra.
1194 861 1347 895 eleuato
1369 861 1597 894 constitutus
1613 873 1621 903 3
1641 864 1678 896 et
1691 862 1774 904 ipso

120 913 160 946 in
174 913 274 945 dicto
289 922 427 946 scanno
446 914 645 954 existente,
660 915 1003 947 reuerendissimus
1020 915 1058 947 in
1077 914 1226 947 Christ-0
1245 916 1354 956 pater
1374 915 1549 947 dominus
1565 914 1773 956 Johannes,

122 969 191 1002 Dei
208 969 334 1012 gratia
346 969 565 1011 patriarcha
582 969 1035 1011 Constantinopolitanus,
1053 970 1168 1011 judex
1183 971 1221 1003 et
1238 970 1524 1002 commissarius
1537 979 1607 1012 per
1624 980 1774 1004 sacrum

121 1024 408 1058 Constantiense
433 1024 650 1065 concilium,
677 1027 715 1058 et·
739 1025 877 1059 deinde
901 1034 970 1067 per
994 1026 1187 1059 dominum
1205 1026 1377 1058 nostrum
1404 1034 1541 1067 papam
1566 1026 1772 1059 Martinum

119 1079 332 1122 predictum
359 1081 475 1121 judex
502 1082 541 1113 et
569 1081 850 1114 commissarius
884 1080 1102 1122 specialiter
1131 1081 1331 1123 deputatus
1365 1082 1497 1114 contra
1528 1082 1700 1114 tenentes
1734 1083 1772 1115 et

119 1135 418 1178 dogmatizantes
436 1145 643 1178 eorumque
660 1137 830 1169 fautores
854 1137 892 1170 et
910 1136 1149 1176 adherentes,
1176 1137 1318 1169 sectam
1342 1138 1380 1169 et
1404 1135 1617 1169 doctrinam
1629 1137 1769 1171 Wicle-

118 1191 290 1224 fistarum
308 1193 347 1225 et
365 1191 744 1234 Hussitarum‚prout
761 1192 807 1225 de
824 1192 942 1234 ipsius
960 1192 1225 1225 commissione
1242 1191 1362 1233 liquet
1375 1193 1413 1225 et
1431 1193 1588 1234 apparet
1610 1193 1649 1225 in
1675 1193 1770 1226 actis

119 1247 157 1280 et
169 1247 335 1280 actitatis
352 1247 520 1280 eiusdem
536 1248 633 1280 sacri
648 1247 812 1289 concilij,
832 1247 1002 1280 ascendit
1016 1248 1229 1290 ambonem,
1243 1247 1304 1279 vbi
1319 1248 1415 1289 acta,
1431 1248 1585 1288 statuta,
1603 1248 1769 1292 decreta,

119 1301 376 1335 ordinationes
391 1304 429 1336 et
442 1303 500 1345 aiij
521 1304 626 1336 actus
644 1302 835 1336 solemnes
848 1303 939 1335 dicti
953 1303 1051 1336 sacri
1069 1302 1217 1345 concilij
1238 1302 1328 1345 legi,
1345 1303 1533 1344 publicari
1553 1304 1590 1337 et
1607 1313 1772 1346 pronun-

118 1358 207 1391 tiari
224 1359 261 1391 et
280 1359 438 1400 proponj
457 1357 580 1392 solent
595 1369 604 1400 ς
620 1360 683 1400 qui
702 1360 881 1401 tanquam
893 1360 1007 1401 judex
1027 1361 1065 1392 et
1082 1360 1366 1392 commissarius
1384 1359 1497 1401 plena
1511 1361 1549 1393 et
1565 1360 1770 1394 sufficienti

117 1414 305 1455 potestate
321 1414 496 1447 suffultus
514 1416 712 1457 proposuit
731 1416 845 1457 atque
862 1415 958 1448 dixit
975 1416 1164 1448 narrando
1182 1423 1401 1456 processum
1425 1415 1611 1457 agitatum
1637 1417 1769 1448 contra

117 1469 259 1502 dictum
284 1471 510 1513 magistrum
535 1470 735 1504 Nicolaum
759 1480 829 1513 per
853 1471 1046 1504 dominum
1065 1471 1284 1512 episcopum
1298 1470 1577 1503 Tornacensem
1591 1472 1629 1504 et
1646 1472 1767 1513 inqui-

117 1525 273 1558 sitorem
304 1525 472 1559 heretice
496 1527 698 1568 prauitatis
730 1527 768 1559 in
798 1527 931 1560 eadem
962 1526 1103 1559 diocesi
1136 1527 1173 1559 et
1204 1526 1402 1567 prouincia
1445 1526 1639 1567 Remensi,
1664 1528 1766 1561 vide-

117 1579 208 1613 licet
224 1581 323 1623 quod
357 1581 497 1614 dudum
529 1583 567 1614 in
600 1583 814 1615 diocesibus
847 1582 1122 1621 cameracensi,
1158 1582 1432 1621 Attrebatensi,
1472 1582 1703 1616 Tornacensi
1727 1584 1765 1617 et

117 1636 326 1670 Morinensi
339 1637 627 1671 insurrexerant
648 1638 802 1680 quidam
822 1637 995 1671 homines
1009 1639 1258 1680 segregantes
1273 1646 1312 1670 se
1327 1647 1348 1670 a
1364 1637 1556 1670 consortio
1572 1636 1768 1669 hominum

117 1693 155 1725 et
170 1693 209 1725 in
223 1692 342 1733 siluis,
359 1694 577 1726 nemoribus
595 1696 632 1726 et
649 1694 823 1727 cauernis
838 1695 876 1727 et
898 1694 937 1726 in
961 1693 1054 1726 10015
1073 1694 1264 1726 absconsis
1283 1694 1320 1726 et
1335 1693 1473 1725 abditis
1493 1702 1561 1726 sua
1576 1692 1769 1725 faciebant

116 1749 394 1789 conuenticula,
424 1759 466 1782 ac
489 1750 590 1782 inter
622 1759 661 1782 se
686 1750 920 1783 refricabant
945 1751 983 1782 et
1008 1749 1313 1792 dogmatizabant
1342 1748 1520 1790 quasdam
1547 1748 1701 1781 hereses
1730 1748 1768 1780 et

115 1803 296 1837 articulos
313 1805 607 1846 condempnatos
626 1806 689 1846 qui
707 1806 977 1847 repperiuntur
1001 1805 1275 1844 KValdentium,
1304 1805 1367 1845 qui
1386 1805 1476 1836 dicti
1491 1805 1646 1837 fuerunt
1669 1804 1768 1836 Pau·

113 1866 223 1899 peres
240 1859 286 1892 de
305 1859 503 1902 Lugduno,
519 1869 562 1892 ac
591 1860 839 1901 quorumdam
858 1860 1121 1902 Begardorum
1149 1859 1213 1901 qui
1246 1858 1512 1900 condempnati
1536 1859 1691 1891 fuerunt
1726 1858 1765 1890 in

111 1915 272 1947 concilio
289 1915 494 1949 Viennensi
509 1917 571 1958 (1),
587 1920 624 1949 et
638 1916 810 1950 vltimate
825 1916 1021 1949 cuiusdam
1035 1915 1327 1957 Vespertilionis
1341 1915 1394 1947 510
1409 1915 1606 1947 nominati.
1624 1914 1765 1946 Contra

110 1980 271 2013 quorum
287 1972 499 2006 doctrinam
516 1974 555 2006 et
571 1973 936 2014 multiplicacionem
954 1973 1153 2014 episcopus
1171 1972 1441 2012 Tornacensis,
1464 1971 1633 2004 debitum
1651 1971 1763 2012 officij

110 2027 355 2070 exsoluendo,
381 2028 562 2061 inuitauit
587 2029 625 2061 et
648 2029 807 2061 inuitari
832 2028 923 2061 fecit
948 2037 1205 2070 quoscumque
1230 2028 1406 2060 doctores
1433 2028 1470 2060 et
1487 2026 1691 2070 magistros
1718 2026 1765 2059 ad

110 2082 321 2117 docendum
337 2085 376 2117 et
392 2084 664 2125 predicandum
681 2084 720 2116 in
737 2084 815 2117 suis
833 2084 989 2118 ciuitate
1006 2085 1044 2117 et
1060 2084 1202 2117 diocesi
1220 2084 1355 2116 eontra
1371 2082 1487 2116 talem
1505 2083 1645 2115 sectam
1671 2081 1764 2114 mul-

111 2139 468 2182 tiplicacionemque
496 2142 534 2173 et
561 2140 786 2173 doctrinam.
813 2140 920 2174 Inter
948 2150 1040 2182 quos
1064 2141 1249 2183 magister
1278 2139 1459 2172 Nicolaus
1487 2138 1695 2179 Serrurarij
1724 2147 1764 2171 se

112 2195 303 2229 obtulerat
334 2205 420 2229 cum
433 2197 578 2229 duobus
596 2196 680 2239 alijs
698 2196 755 2229 5111
776 2196 931 2236 ordinis,
953 2197 991 2229 et
1009 2197 1097 2229 dum
1115 2196 1337 2229 crederetur
1355 2195 1455 2236 quod
1469 2194 1609 2227 dictam
1623 2194 1764 2226 doctri-

112 2259 198 2283 nam
212 2252 250 2283 et
267 2252 408 2284 sectam
425 2252 707 2295 impugnarent,
725 2251 972 2285 inuoluerunt
989 2261 1028 2285 se
1046 2252 1093 2285 ad
1110 2252 1224 2284 aliam
1249 2251 1434 2292 perfidam
1461 2250 1674 2282 doctrinam
1692 2260 1700 2291 ;
1727 2251 1765 2282 et

112 2306 211 2347 quod
228 2307 328 2340 inter
344 2316 409 2340 eos
426 2307 526 2340 idem
543 2307 727 2350 magister
744 2307 923 2340 Nicolaus
942 2307 1081 2340 multos
1100 2307 1281 2340 articulos
1298 2315 1496 2346 erroneos,
1517 2305 1700 2347 quosdam
1726 2305 1764 2337 in

112 2360 186 2394 fide
203 2362 241 2394 et
257 2362 438 2402 moribus,
458 2363 639 2403 quosdam
656 2372 745 2396 vero
771 2362 1025 2404 scandalosos‚
1052 2363 1147 2395 alios
1165 2371 1360 2401 erroneos,
1384 2362 1422 2394 in
1447 2361 1618 2394 moribus
1645 2360 1764 2394 eccle—

112 2416 273 2449 siasticis
301 2418 554 2458 scandalOSOS,
587 2418 686 2451 male
717 2419 894 2451 sonantes
919 2418 977 2451 vel
1008 2419 1157 2460 piarum
1189 2418 1337 2450 aurium
1373 2417 1579 2450 offensiuos
1608 2416 1761 2459 dogma-

113 2471 296 2506 tizauerat
320 2475 358 2506 et
381 2473 658 2514 predicauerat‚
686 2475 798 2515 prout
822 2474 860 2506 in
885 2474 1109 2515 quibusdam
1134 2473 1372 2515 processibus
1391 2474 1428 2505 et
1446 2471 1619 2505 articulis
1644 2472 1682 2503 in
1708 2471 1763 2504 eis

113 2529 300 2561 contentis
331 2530 463 2562 contra
490 2530 612 2570 ipsum
642 2530 867 2572 magistrum
896 2529 1095 2563 Nicolaum
1124 2530 1200 2562 tam
1226 2529 1263 2561 in
1292 2528 1464 2570 partibus
1493 2536 1621 2561 coram
1651 2527 1762 2559 dictis

113 2583 290 2625 episcopo
326 2586 364 2617 et
399 2585 624 2626 inquisitore
664 2593 871 2626 eorumque
911 2585 1179 2626 commissarijs
1211 2593 1323 2625 quam
1361 2584 1398 2615 in
1446 2583 1553 2616 curia
1588 2582 1764 2615 Romana

113 2639 282 2679 probatis
298 2650 306 2680 3
326 2649 487 2681 quorum
504 2641 614 2672 tenor
631 2640 676 2673 de
694 2640 807 2673 verbo
826 2640 873 2673 ad
889 2640 1047 2673 verbum
1064 2649 1149 2672 cum
1167 2649 1298 2673 eorum
1323 2638 1669 2680 qualificationibus
1694 2647 1763 2679 per

112 2694 258 2735 Judices
294 2695 383 2728 fidei
418 2695 619 2738 generales
652 2705 859 2737 eorumque
895 2696 1174 2729 commissarios
1213 2696 1252 2728 et
1286 2695 1486 2736 deputatos
1521 2694 1567 2727 de
1599 2693 1761 2736 singulis

114 2751 335 2783 nacionibus
348 2751 575 2792 qualificatis
588 2752 748 2784 inferius
765 2753 822 2785 est
835 2752 1000 2785 insertus
1016 2753 1053 2785 et
1068 2751 1216 2793 plenius
1234 2751 1462 2783 continetur.

159 2806 230 2845 Qui
259 2807 410 2848 quidem
437 2807 589 2840 articuli
618 2808 702 2849 post
729 2808 998 2841 recitacionem
1027 2816 1225 2849 processus
1253 2807 1408 2839 suerunt
1440 2806 1540 2838 dicto
1577 2804 1761 2848 magistro

114 2861 271 2895 Nicolao
288 2863 327 2895 vt
344 2871 408 2896 eos
424 2864 636 2903 reuocaret,
655 2864 768 2905 prout
784 2863 831 2897 ad
848 2862 919 2896 hoc
937 2872 977 2896 se
995 2862 1197 2902 obtulerat,
1217 2862 1253 2894 in
1277 2861 1440 2903 quadam
1464 2861 1588 2904 papiri
1613 2859 1763 2902 cedula,

160 2986 207 3032 (1)
225 2985 460 3028 Clementin.,
478 2986 542 3020 lib.
555 2986 626 3027 ΙΙΙ,
645 2986 704 3021 tit.
719 2986 787 3028 XI,
805 2997 838 3022 e.
855 2988 872 3022 1
888 2999 897 3030 ;
913 2989 951 3022 et
964 2986 1028 3020 lib.
1044 2986 1089 3028 V,
1104 2986 1164 3022 tit.
1183 2986 1253 3027 III,
1268 2996 1303 3020 ο.
1323 2986 1355 3020 3.
