<?xml version="1.0" encoding="UTF-8"?>
<!DOCTYPE html PUBLIC "-//W3C//DTD XHTML 1.0 Transitional//EN"
    "http://www.w3.org/TR/xhtml1/DTD/xhtml1-transitional.dtd">
<html xmlns="http://www.w3.org/1999/xhtml" xml:lang="en" lang="en">
 <head>
  <title>
</title>
<meta http-equiv="Content-Type" content="text/html;charset=utf-8" />
  <meta name='ocr-system' content='tesseract 3.04.00' />
  <meta name='ocr-capabilities' content='ocr_page ocr_carea ocr_par ocr_line ocrx_word'/>
</head>
<body>
  <div class='ocr_page' id='page_1' title='image "./corpusdocumentor02fruoft_0108.png"; bbox 0 0 2050 3470; ppageno 0'>
   <div class='ocr_carea' id='block_1_1' title="bbox 285 297 1214 334">
    <p class='ocr_par' dir='ltr' id='par_1_1' title="bbox 285 297 1214 334">
     <span class='ocr_line' id='line_1_1' title="bbox 285 297 1214 334; baseline -0.002 -1"><span class='ocrx_word' id='word_1_1' title='bbox 285 302 328 334; x_wconf 76' lang='lat'><strong>78</strong></span> <span class='ocrx_word' id='word_1_2' title='bbox 968 299 1104 334; x_wconf 90' lang='lat' dir='ltr'>ANNO</span> <span class='ocrx_word' id='word_1_3' title='bbox 1130 297 1214 331; x_wconf 83' lang='grc'><strong>1319</strong></span> 
     </span>
    </p>
   </div>
   <div class='ocr_carea' id='block_1_2' title="bbox 284 407 1902 525">
    <p class='ocr_par' dir='ltr' id='par_1_2' title="bbox 284 407 1902 525">
     <span class='ocr_line' id='line_1_2' title="bbox 285 407 1902 468; baseline -0.001 -14"><span class='ocrx_word' id='word_1_4' title='bbox 285 412 374 454; x_wconf 91' lang='lat' dir='ltr'><strong>niet</strong></span> <span class='ocrx_word' id='word_1_5' title='bbox 398 424 514 454; x_wconf 89' lang='lat' dir='ltr'><strong>meer</strong></span> <span class='ocrx_word' id='word_1_6' title='bbox 536 423 689 467; x_wconf 87' lang='lat' dir='ltr'><strong>mogen</strong></span> <span class='ocrx_word' id='word_1_7' title='bbox 713 413 1019 454; x_wconf 90' lang='lat' dir='ltr'><strong>verontrusten</strong></span> <span class='ocrx_word' id='word_1_8' title='bbox 1052 409 1164 453; x_wconf 89' lang='lat' dir='ltr'><strong>noch</strong></span> <span class='ocrx_word' id='word_1_9' title='bbox 1195 410 1352 453; x_wconf 91' lang='lat' dir='ltr'><strong>dulden</strong></span> <span class='ocrx_word' id='word_1_10' title='bbox 1384 409 1457 454; x_wconf 86' lang='lat' dir='ltr'><strong>dat</strong></span> <span class='ocrx_word' id='word_1_11' title='bbox 1491 410 1541 468; x_wconf 88' lang='lat' dir='ltr'><strong>zij</strong></span> <span class='ocrx_word' id='word_1_12' title='bbox 1576 410 1681 454; x_wconf 92' lang='lat' dir='ltr'><strong>door</strong></span> <span class='ocrx_word' id='word_1_13' title='bbox 1711 407 1902 452; x_wconf 82' lang='lat' dir='ltr'><strong>anderen</strong></span> 
     </span>
     <span class='ocr_line' id='line_1_3' title="bbox 284 479 754 525; baseline 0.004 -3"><span class='ocrx_word' id='word_1_14' title='bbox 284 482 538 522; x_wconf 87' lang='lat' dir='ltr'><strong>verontrust</strong></span> <span class='ocrx_word' id='word_1_15' title='bbox 559 479 754 525; x_wconf 84' lang='lat' dir='ltr'><strong>worden.</strong></span> 
     </span>
    </p>
   </div>
   <div class='ocr_carea' id='block_1_3' title="bbox 286 567 1908 835">
    <p class='ocr_par' dir='ltr' id='par_1_3' title="bbox 286 567 1908 722">
     <span class='ocr_line' id='line_1_4' title="bbox 328 567 1906 614; baseline 0.001 -14"><span class='ocrx_word' id='word_1_16' title='bbox 328 567 615 602; x_wconf 81' lang='lat' dir='ltr'><strong>venerabilibus</strong></span> <span class='ocrx_word' id='word_1_17' title='bbox 639 568 820 601; x_wconf 75' lang='lat' dir='ltr'><strong>tratribus</strong></span> <span class='ocrx_word' id='word_1_18' title='bbox 845 568 1082 611; x_wconf 81' lang='lat' dir='ltr'><strong>patriarchis,</strong></span> <span class='ocrx_word' id='word_1_19' title='bbox 1101 569 1394 613; x_wconf 85' lang='lat' dir='ltr'><strong>archiepiscopis</strong></span> <span class='ocrx_word' id='word_1_20' title='bbox 1418 572 1456 605; x_wconf 88' lang='lat' dir='ltr'><strong>et</strong></span> <span class='ocrx_word' id='word_1_21' title='bbox 1479 571 1675 614; x_wconf 82' lang='lat' dir='ltr'><strong>episcopis,</strong></span> <span class='ocrx_word' id='word_1_22' title='bbox 1701 579 1744 603; x_wconf 89' lang='lat' dir='ltr'><strong>ac</strong></span> <span class='ocrx_word' id='word_1_23' title='bbox 1759 567 1906 603; x_wconf 86' lang='lat' dir='ltr'><strong>dilectis</strong></span> 
     </span>
     <span class='ocr_line' id='line_1_5' title="bbox 286 624 1908 669; baseline 0 -12"><span class='ocrx_word' id='word_1_24' title='bbox 286 624 374 657; x_wconf 87' lang='lat' dir='ltr'><strong>filiis</strong></span> <span class='ocrx_word' id='word_1_25' title='bbox 398 624 539 664; x_wconf 77' lang='lat' dir='ltr'><strong>electis,</strong></span> <span class='ocrx_word' id='word_1_26' title='bbox 579 624 789 665; x_wconf 87' lang='lat' dir='ltr'><strong>abbatibus,</strong></span> <span class='ocrx_word' id='word_1_27' title='bbox 825 625 1028 667; x_wconf 87' lang='lat' dir='ltr'>prioribus,</span> <span class='ocrx_word' id='word_1_28' title='bbox 1053 625 1217 667; x_wconf 86' lang='lat' dir='ltr'><strong>decanis,</strong></span> <span class='ocrx_word' id='word_1_29' title='bbox 1248 625 1532 668; x_wconf 87' lang='lat' dir='ltr'><strong>archidiaconis,</strong></span> <span class='ocrx_word' id='word_1_30' title='bbox 1570 624 1908 669; x_wconf 80' lang='lat' dir='ltr'><strong>archipresbyteris</strong></span> 
     </span>
     <span class='ocr_line' id='line_1_6' title="bbox 286 679 1169 722; baseline 0.002 -10"><span class='ocrx_word' id='word_1_31' title='bbox 286 679 444 721; x_wconf 88' lang='lat' dir='ltr'><strong>aliisque</strong></span> <span class='ocrx_word' id='word_1_32' title='bbox 462 679 617 722; x_wconf 87' lang='lat' dir='ltr'><strong>prelatis</strong></span> <span class='ocrx_word' id='word_1_33' title='bbox 630 680 669 713; x_wconf 92' lang='lat' dir='ltr'><strong>et</strong></span> <span class='ocrx_word' id='word_1_34' title='bbox 686 680 897 713; x_wconf 91' lang='lat' dir='ltr'><strong>rectoribus</strong></span> <span class='ocrx_word' id='word_1_35' title='bbox 913 679 1169 714; x_wconf 87' lang='lat' dir='ltr'><strong>ecclesiarum.</strong></span> 
     </span>
    </p>

    <p class='ocr_par' dir='ltr' id='par_1_4' title="bbox 328 735 684 777">
     <span class='ocr_line' id='line_1_7' title="bbox 328 735 684 777; baseline 0 -9"><span class='ocrx_word' id='word_1_36' title='bbox 328 735 408 769; x_wconf 88' lang='lat' dir='ltr'><strong>Etsi</strong></span> <span class='ocrx_word' id='word_1_37' title='bbox 425 735 684 777; x_wconf 87' lang='lat' dir='ltr'><strong>apostolice....</strong></span> 
     </span>
    </p>

    <p class='ocr_par' dir='ltr' id='par_1_5' title="bbox 329 789 1908 835">
     <span class='ocr_line' id='line_1_8' title="bbox 329 789 1908 835; baseline -0.001 -11"><span class='ocrx_word' id='word_1_38' title='bbox 329 791 425 824; x_wconf 87' lang='lat' dir='ltr'><strong>Sane</strong></span> <span class='ocrx_word' id='word_1_39' title='bbox 449 790 577 824; x_wconf 89' lang='lat' dir='ltr'><strong>dilecti</strong></span> <span class='ocrx_word' id='word_1_40' title='bbox 607 790 677 823; x_wconf 87' lang='lat' dir='ltr'><strong>filii</strong></span> <span class='ocrx_word' id='word_1_41' title='bbox 710 790 883 824; x_wconf 82' lang='lat' dir='ltr'><strong>minister</strong></span> <span class='ocrx_word' id='word_1_42' title='bbox 906 792 945 823; x_wconf 93' lang='lat' dir='ltr'><strong>et</strong></span> <span class='ocrx_word' id='word_1_43' title='bbox 970 791 1108 824; x_wconf 88' lang='lat' dir='ltr'><strong>fratres</strong></span> <span class='ocrx_word' id='word_1_44' title='bbox 1135 792 1277 825; x_wconf 87' lang='lat' dir='ltr'><strong>ordinis</strong></span> <span class='ocrx_word' id='word_1_45' title='bbox 1305 792 1493 826; x_wconf 91' lang='lat' dir='ltr'><strong>Minorum</strong></span> <span class='ocrx_word' id='word_1_46' title='bbox 1516 801 1635 835; x_wconf 90' lang='lat' dir='ltr'><strong>nuper</strong></span> <span class='ocrx_word' id='word_1_47' title='bbox 1658 792 1698 825; x_wconf 91' lang='lat' dir='ltr'><strong>in</strong></span> <span class='ocrx_word' id='word_1_48' title='bbox 1714 791 1843 825; x_wconf 87' lang='lat' dir='ltr'><strong>nostra</strong></span> <span class='ocrx_word' id='word_1_49' title='bbox 1868 789 1908 823; x_wconf 87' lang='lat' dir='ltr'><strong>et</strong></span> 
     </span>
    </p>
   </div>
   <div class='ocr_carea' id='block_1_4' title="bbox 284 845 1921 890">
    <p class='ocr_par' dir='ltr' id='par_1_6' title="bbox 284 845 1921 890">
     <span class='ocr_line' id='line_1_9' title="bbox 284 845 1921 890; baseline -0.001 -12"><span class='ocrx_word' id='word_1_50' title='bbox 284 846 445 878; x_wconf 83' lang='lat' dir='ltr'><strong>fratrum</strong></span> <span class='ocrx_word' id='word_1_51' title='bbox 465 846 678 878; x_wconf 90' lang='lat' dir='ltr'><strong>nostrorum</strong></span> <span class='ocrx_word' id='word_1_52' title='bbox 693 846 885 887; x_wconf 85' lang='lat' dir='ltr'><strong>presentia</strong></span> <span class='ocrx_word' id='word_1_53' title='bbox 898 846 1024 879; x_wconf 85' lang='lat' dir='ltr'><strong>fecere</strong></span> <span class='ocrx_word' id='word_1_54' title='bbox 1040 847 1213 888; x_wconf 87' lang='lat' dir='ltr'><strong>proponi,</strong></span> <span class='ocrx_word' id='word_1_55' title='bbox 1233 847 1332 888; x_wconf 89' lang='lat' dir='ltr'><strong>quod</strong></span> <span class='ocrx_word' id='word_1_56' title='bbox 1348 846 1520 881; x_wconf 91' lang='lat' dir='ltr'><strong>nunnulli</strong></span> <span class='ocrx_word' id='word_1_57' title='bbox 1536 847 1673 890; x_wconf 88' lang='lat' dir='ltr'><strong>prelati</strong></span> <span class='ocrx_word' id='word_1_58' title='bbox 1689 847 1727 880; x_wconf 88' lang='lat' dir='ltr'><strong>et</strong></span> <span class='ocrx_word' id='word_1_59' title='bbox 1741 845 1921 879; x_wconf 86' lang='lat' dir='ltr'><strong>rectores·</strong></span> 
     </span>
    </p>
   </div>
   <div class='ocr_carea' id='block_1_5' title="bbox 282 899 1909 2206">
    <p class='ocr_par' dir='ltr' id='par_1_7' title="bbox 282 899 1909 2206">
     <span class='ocr_line' id='line_1_10' title="bbox 285 899 1907 945; baseline -0.001 -11"><span class='ocrx_word' id='word_1_60' title='bbox 285 900 544 941; x_wconf 87' lang='lat' dir='ltr'><strong>ecclesiarum‚</strong></span> <span class='ocrx_word' id='word_1_61' title='bbox 572 901 765 934; x_wconf 87' lang='lat' dir='ltr'><strong>civitatum</strong></span> <span class='ocrx_word' id='word_1_62' title='bbox 782 901 821 934; x_wconf 90' lang='lat' dir='ltr'><strong>et</strong></span> <span class='ocrx_word' id='word_1_63' title='bbox 851 901 1065 944; x_wconf 84' lang='lat' dir='ltr'><strong>dyocesium</strong></span> <span class='ocrx_word' id='word_1_64' title='bbox 1096 902 1341 942; x_wconf 89' lang='lat' dir='ltr'><strong>diversarum,</strong></span> <span class='ocrx_word' id='word_1_65' title='bbox 1370 903 1593 945; x_wconf 88' lang='lat' dir='ltr'><strong>praesertim</strong></span> <span class='ocrx_word' id='word_1_66' title='bbox 1624 903 1663 935; x_wconf 91' lang='lat' dir='ltr'><strong>in</strong></span> <span class='ocrx_word' id='word_1_67' title='bbox 1690 899 1907 936; x_wconf 85' lang='lat' dir='ltr'><strong>Alamaniae</strong></span> 
     </span>
     <span class='ocr_line' id='line_1_11' title="bbox 284 955 1906 999; baseline 0 -11"><span class='ocrx_word' id='word_1_68' title='bbox 284 956 453 998; x_wconf 85' lang='lat' dir='ltr'><strong>partibus</strong></span> <span class='ocrx_word' id='word_1_69' title='bbox 470 956 676 998; x_wconf 87' lang='lat' dir='ltr'><strong>constituti,</strong></span> <span class='ocrx_word' id='word_1_70' title='bbox 707 956 1024 997; x_wconf 90' lang='lat' dir='ltr'><strong>constitutionem,</strong></span> <span class='ocrx_word' id='word_1_71' title='bbox 1050 965 1119 999; x_wconf 90' lang='lat' dir='ltr'><strong>per</strong></span> <span class='ocrx_word' id='word_1_72' title='bbox 1143 966 1254 999; x_wconf 90' lang='lat' dir='ltr'><strong>quam</strong></span> <span class='ocrx_word' id='word_1_73' title='bbox 1276 957 1340 991; x_wconf 86' lang='lat' dir='ltr'><strong>fel.</strong></span> <span class='ocrx_word' id='word_1_74' title='bbox 1366 966 1441 991; x_wconf 88' lang='lat' dir='ltr'><strong>rec.</strong></span> <span class='ocrx_word' id='word_1_75' title='bbox 1473 957 1643 991; x_wconf 85' lang='lat' dir='ltr'><strong>Clemens</strong></span> <span class='ocrx_word' id='word_1_76' title='bbox 1659 965 1756 999; x_wconf 88' lang='lat' dir='ltr'><strong>papa</strong></span> <span class='ocrx_word' id='word_1_77' title='bbox 1770 955 1802 988; x_wconf 91' lang='lat' dir='ltr'><strong>V</strong></span> <span class='ocrx_word' id='word_1_78' title='bbox 1818 963 1906 997; x_wconf 91' lang='lat' dir='ltr'><strong>qua·</strong></span> 
     </span>
     <span class='ocr_line' id='line_1_12' title="bbox 285 1010 1907 1056; baseline -0.001 -13"><span class='ocrx_word' id='word_1_79' title='bbox 285 1011 443 1043; x_wconf 89' lang='lat' dir='ltr'><strong>rundam</strong></span> <span class='ocrx_word' id='word_1_80' title='bbox 460 1010 674 1051; x_wconf 87' lang='lat' dir='ltr'><strong>mulierum,</strong></span> <span class='ocrx_word' id='word_1_81' title='bbox 685 1020 757 1052; x_wconf 90' lang='lat' dir='ltr'><strong>que</strong></span> <span class='ocrx_word' id='word_1_82' title='bbox 770 1011 980 1054; x_wconf 81' lang='lat' dir='ltr'><strong>vulgariter</strong></span> <span class='ocrx_word' id='word_1_83' title='bbox 992 1014 1255 1055; x_wconf 87' lang='lat' dir='ltr'><strong>nuncupantur</strong></span> <span class='ocrx_word' id='word_1_84' title='bbox 1270 1012 1453 1056; x_wconf 88' lang='lat' dir='ltr'><strong>Beguine,</strong></span> <span class='ocrx_word' id='word_1_85' title='bbox 1462 1022 1534 1054; x_wconf 91' lang='lat' dir='ltr'><strong>que</strong></span> <span class='ocrx_word' id='word_1_86' title='bbox 1547 1022 1620 1045; x_wconf 92' lang='lat' dir='ltr'><strong>non</strong></span> <span class='ocrx_word' id='word_1_87' title='bbox 1633 1011 1907 1054; x_wconf 87' lang='lat' dir='ltr'><strong>profitebantur</strong></span> 
     </span>
     <span class='ocr_line' id='line_1_13' title="bbox 285 1064 1907 1110; baseline 0.001 -13"><span class='ocrx_word' id='word_1_88' title='bbox 285 1065 450 1107; x_wconf 89' lang='lat' dir='ltr'><strong>aliquam</strong></span> <span class='ocrx_word' id='word_1_89' title='bbox 467 1065 651 1108; x_wconf 85' lang='lat' dir='ltr'><strong>regulam,</strong></span> <span class='ocrx_word' id='word_1_90' title='bbox 671 1067 917 1108; x_wconf 88' lang='lat' dir='ltr'><strong>approbatum</strong></span> <span class='ocrx_word' id='word_1_91' title='bbox 934 1068 1072 1100; x_wconf 88' lang='lat' dir='ltr'><strong>statum</strong></span> <span class='ocrx_word' id='word_1_92' title='bbox 1076 1092 1143 1108; x_wconf 91' lang='grc'><strong>.....</strong></span> <span class='ocrx_word' id='word_1_93' title='bbox 1160 1064 1342 1110; x_wconf 88' lang='lat' dir='ltr'><strong>perpetuo</strong></span> <span class='ocrx_word' id='word_1_94' title='bbox 1353 1067 1559 1110; x_wconf 89' lang='lat' dir='ltr'><strong>prohibuit,</strong></span> <span class='ocrx_word' id='word_1_95' title='bbox 1577 1068 1624 1100; x_wconf 91' lang='lat' dir='ltr'><strong>ad</strong></span> <span class='ocrx_word' id='word_1_96' title='bbox 1639 1067 1758 1099; x_wconf 90' lang='lat' dir='ltr'><strong>dictos</strong></span> <span class='ocrx_word' id='word_1_97' title='bbox 1769 1065 1907 1099; x_wconf 81' lang='lat' dir='ltr'><strong>fratres</strong></span> 
     </span>
     <span class='ocr_line' id='line_1_14' title="bbox 285 1119 1907 1164; baseline -0.001 -12"><span class='ocrx_word' id='word_1_98' title='bbox 285 1122 322 1153; x_wconf 90' lang='lat' dir='ltr'><strong>et</strong></span> <span class='ocrx_word' id='word_1_99' title='bbox 339 1129 486 1153; x_wconf 90' lang='lat' dir='ltr'><strong>sorores</strong></span> <span class='ocrx_word' id='word_1_100' title='bbox 504 1120 549 1153; x_wconf 91' lang='lat' dir='ltr'><strong>de</strong></span> <span class='ocrx_word' id='word_1_101' title='bbox 573 1121 782 1162; x_wconf 87' lang='lat' dir='ltr'><strong>penitentia</strong></span> <span class='ocrx_word' id='word_1_102' title='bbox 797 1121 890 1162; x_wconf 90' lang='lat' dir='ltr'><strong>(scil.</strong></span> <span class='ocrx_word' id='word_1_103' title='bbox 922 1122 1026 1154; x_wconf 86' lang='lat' dir='ltr'><strong>tertii</strong></span> <span class='ocrx_word' id='word_1_104' title='bbox 1055 1122 1197 1155; x_wconf 88' lang='lat' dir='ltr'><strong>ordinis</strong></span> <span class='ocrx_word' id='word_1_105' title='bbox 1222 1122 1322 1155; x_wconf 90' lang='lat' dir='ltr'><strong>beati</strong></span> <span class='ocrx_word' id='word_1_106' title='bbox 1347 1122 1551 1162; x_wconf 88' lang='lat' dir='ltr'><strong>Francisci)</strong></span> <span class='ocrx_word' id='word_1_107' title='bbox 1566 1129 1765 1164; x_wconf 88' lang='lat' dir='ltr'><strong>perperam</strong></span> <span class='ocrx_word' id='word_1_108' title='bbox 1780 1119 1907 1152; x_wconf 83' lang='lat' dir='ltr'><strong>exten-</strong></span> 
     </span>
     <span class='ocr_line' id='line_1_15' title="bbox 285 1174 1908 1219; baseline -0.001 -12"><span class='ocrx_word' id='word_1_109' title='bbox 285 1175 374 1208; x_wconf 86' lang='lat' dir='ltr'><strong>dere</strong></span> <span class='ocrx_word' id='word_1_110' title='bbox 399 1175 647 1215; x_wconf 72' lang='lat' dir='ltr'><strong>intendentes,</strong></span> <span class='ocrx_word' id='word_1_111' title='bbox 669 1176 821 1209; x_wconf 90' lang='lat' dir='ltr'><strong>eosdem</strong></span> <span class='ocrx_word' id='word_1_112' title='bbox 849 1177 985 1210; x_wconf 85' lang='lat' dir='ltr'><strong>fratres</strong></span> <span class='ocrx_word' id='word_1_113' title='bbox 1015 1179 1053 1210; x_wconf 88' lang='lat' dir='ltr'><strong>et</strong></span> <span class='ocrx_word' id='word_1_114' title='bbox 1084 1186 1232 1210; x_wconf 91' lang='lat' dir='ltr'><strong>sorores</strong></span> <span class='ocrx_word' id='word_1_115' title='bbox 1260 1177 1306 1210; x_wconf 90' lang='lat' dir='ltr'><strong>de</strong></span> <span class='ocrx_word' id='word_1_116' title='bbox 1332 1177 1541 1219; x_wconf 85' lang='lat' dir='ltr'><strong>penitentia</strong></span> <span class='ocrx_word' id='word_1_117' title='bbox 1571 1177 1616 1209; x_wconf 89' lang='lat' dir='ltr'><strong>ad</strong></span> <span class='ocrx_word' id='word_1_118' title='bbox 1644 1174 1908 1208; x_wconf 82' lang='lat' dir='ltr'><strong>dimittendum</strong></span> 
     </span>
     <span class='ocr_line' id='line_1_16' title="bbox 284 1228 1908 1275; baseline -0.001 -13"><span class='ocrx_word' id='word_1_119' title='bbox 284 1230 454 1262; x_wconf 88' lang='lat' dir='ltr'><strong>habitum</strong></span> <span class='ocrx_word' id='word_1_120' title='bbox 471 1233 581 1272; x_wconf 84' lang='lat' dir='ltr'><strong>atque</strong></span> <span class='ocrx_word' id='word_1_121' title='bbox 606 1232 744 1263; x_wconf 86' lang='lat' dir='ltr'><strong>statum</strong></span> <span class='ocrx_word' id='word_1_122' title='bbox 773 1231 988 1264; x_wconf 90' lang='lat' dir='ltr'><strong>huiusmodi</strong></span> <span class='ocrx_word' id='word_1_123' title='bbox 1016 1231 1149 1275; x_wconf 80' lang='lat' dir='ltr'><strong>regule</strong></span> <span class='ocrx_word' id='word_1_124' title='bbox 1177 1233 1344 1274; x_wconf 88' lang='lat' dir='ltr'><strong>ipsorum</strong></span> <span class='ocrx_word' id='word_1_125' title='bbox 1367 1241 1435 1274; x_wconf 90' lang='lat' dir='ltr'><strong>per</strong></span> <span class='ocrx_word' id='word_1_126' title='bbox 1451 1229 1846 1265; x_wconf 86' lang='lat' dir='ltr'><strong>excommunicationis</strong></span> <span class='ocrx_word' id='word_1_127' title='bbox 1870 1228 1908 1262; x_wconf 87' lang='lat' dir='ltr'><strong>et</strong></span> 
     </span>
     <span class='ocr_line' id='line_1_17' title="bbox 283 1284 1908 1329; baseline -0.001 -11"><span class='ocrx_word' id='word_1_128' title='bbox 283 1287 473 1319; x_wconf 82' lang='lat' dir='ltr'><strong>interdicti</strong></span> <span class='ocrx_word' id='word_1_129' title='bbox 499 1287 704 1320; x_wconf 88' lang='lat' dir='ltr'><strong>sententias</strong></span> <span class='ocrx_word' id='word_1_130' title='bbox 729 1286 898 1328; x_wconf 88' lang='lat' dir='ltr'><strong>aliasque</strong></span> <span class='ocrx_word' id='word_1_131' title='bbox 924 1296 1039 1329; x_wconf 90' lang='lat' dir='ltr'><strong>penas</strong></span> <span class='ocrx_word' id='word_1_132' title='bbox 1067 1288 1233 1321; x_wconf 86' lang='lat' dir='ltr'><strong>indebite</strong></span> <span class='ocrx_word' id='word_1_133' title='bbox 1260 1288 1385 1321; x_wconf 87' lang='lat' dir='ltr'><strong>conati</strong></span> <span class='ocrx_word' id='word_1_134' title='bbox 1402 1288 1488 1320; x_wconf 89' lang='lat' dir='ltr'><strong>sunt</strong></span> <span class='ocrx_word' id='word_1_135' title='bbox 1515 1288 1553 1320; x_wconf 89' lang='lat' dir='ltr'><strong>et</strong></span> <span class='ocrx_word' id='word_1_136' title='bbox 1568 1287 1751 1320; x_wconf 86' lang='lat' dir='ltr'><strong>conantur</strong></span> <span class='ocrx_word' id='word_1_137' title='bbox 1766 1284 1908 1328; x_wconf 87' lang='lat' dir='ltr'><strong>iugiter</strong></span> 
     </span>
     <span class='ocr_line' id='line_1_18' title="bbox 283 1340 1906 1384; baseline -0.001 -11"><span class='ocrx_word' id='word_1_138' title='bbox 283 1342 453 1374; x_wconf 87' lang='lat' dir='ltr'><strong>coartare</strong></span> <span class='ocrx_word' id='word_1_139' title='bbox 466 1341 505 1373; x_wconf 90' lang='lat' dir='ltr'><strong>in</strong></span> <span class='ocrx_word' id='word_1_140' title='bbox 518 1341 618 1383; x_wconf 87' lang='lat' dir='ltr'><strong>ipsos</strong></span> <span class='ocrx_word' id='word_1_141' title='bbox 634 1342 771 1375; x_wconf 84' lang='lat' dir='ltr'><strong>fratres</strong></span> <span class='ocrx_word' id='word_1_142' title='bbox 785 1344 823 1374; x_wconf 87' lang='lat' dir='ltr'><strong>et</strong></span> <span class='ocrx_word' id='word_1_143' title='bbox 841 1352 989 1376; x_wconf 87' lang='lat' dir='ltr'><strong>sorores</strong></span> <span class='ocrx_word' id='word_1_144' title='bbox 1007 1352 1074 1384; x_wconf 90' lang='lat' dir='ltr'><strong>pro</strong></span> <span class='ocrx_word' id='word_1_145' title='bbox 1093 1352 1150 1382; x_wconf 91' lang='lat' dir='ltr'><strong>eo,</strong></span> <span class='ocrx_word' id='word_1_146' title='bbox 1169 1343 1268 1383; x_wconf 89' lang='lat' dir='ltr'><strong>quod</strong></span> <span class='ocrx_word' id='word_1_147' title='bbox 1291 1343 1330 1375; x_wconf 92' lang='lat' dir='ltr'><strong>in</strong></span> <span class='ocrx_word' id='word_1_148' title='bbox 1347 1342 1420 1375; x_wconf 92' lang='lat' dir='ltr'><strong>hiis</strong></span> <span class='ocrx_word' id='word_1_149' title='bbox 1445 1351 1519 1374; x_wconf 90' lang='lat' dir='ltr'><strong>non</strong></span> <span class='ocrx_word' id='word_1_150' title='bbox 1535 1341 1741 1383; x_wconf 88' lang='lat' dir='ltr'><strong>paruerunt</strong></span> <span class='ocrx_word' id='word_1_151' title='bbox 1753 1340 1906 1373; x_wconf 88' lang='lat' dir='ltr'><strong>eisdem.</strong></span> 
     </span>
     <span class='ocr_line' id='line_1_19' title="bbox 284 1395 1908 1439; baseline 0 -12"><span class='ocrx_word' id='word_1_152' title='bbox 284 1396 518 1428; x_wconf 89' lang='lat' dir='ltr'><strong>Pretendunt</strong></span> <span class='ocrx_word' id='word_1_153' title='bbox 547 1405 695 1437; x_wconf 86' lang='lat' dir='ltr'><strong>quoque</strong></span> <span class='ocrx_word' id='word_1_154' title='bbox 724 1397 839 1430; x_wconf 91' lang='lat' dir='ltr'><strong>iidem</strong></span> <span class='ocrx_word' id='word_1_155' title='bbox 867 1397 1001 1439; x_wconf 90' lang='lat' dir='ltr'><strong>prelati</strong></span> <span class='ocrx_word' id='word_1_156' title='bbox 1019 1399 1057 1430; x_wconf 91' lang='lat' dir='ltr'><strong>et</strong></span> <span class='ocrx_word' id='word_1_157' title='bbox 1083 1398 1249 1430; x_wconf 84' lang='lat' dir='ltr'><strong>rectores</strong></span> <span class='ocrx_word' id='word_1_158' title='bbox 1276 1398 1400 1431; x_wconf 90' lang='lat' dir='ltr'><strong>minus</strong></span> <span class='ocrx_word' id='word_1_159' title='bbox 1415 1397 1613 1437; x_wconf 86' lang='lat' dir='ltr'><strong>veraciter,</strong></span> <span class='ocrx_word' id='word_1_160' title='bbox 1630 1396 1748 1429; x_wconf 90' lang='lat' dir='ltr'><strong>dictos</strong></span> <span class='ocrx_word' id='word_1_161' title='bbox 1771 1395 1908 1428; x_wconf 80' lang='lat' dir='ltr'><strong>fratres</strong></span> 
     </span>
     <span class='ocr_line' id='line_1_20' title="bbox 283 1450 1909 1494; baseline -0.001 -11"><span class='ocrx_word' id='word_1_162' title='bbox 283 1452 446 1484; x_wconf 88' lang='lat' dir='ltr'><strong>Minores</strong></span> <span class='ocrx_word' id='word_1_163' title='bbox 463 1460 508 1484; x_wconf 86' lang='lat' dir='ltr'><strong>ex</strong></span> <span class='ocrx_word' id='word_1_164' title='bbox 522 1460 566 1484; x_wconf 90' lang='lat' dir='ltr'><strong>eo</strong></span> <span class='ocrx_word' id='word_1_165' title='bbox 584 1453 751 1485; x_wconf 77' lang='lat' dir='ltr'><strong>fautores</strong></span> <span class='ocrx_word' id='word_1_166' title='bbox 770 1453 934 1486; x_wconf 82' lang='lat' dir='ltr'><strong>existere</strong></span> <span class='ocrx_word' id='word_1_167' title='bbox 952 1461 1201 1494; x_wconf 84' lang='lat' dir='ltr'><strong>personarum</strong></span> <span class='ocrx_word' id='word_1_168' title='bbox 1214 1453 1499 1494; x_wconf 87' lang='lat' dir='ltr'><strong>dampnatarum</strong></span> <span class='ocrx_word' id='word_1_169' title='bbox 1513 1461 1582 1494; x_wconf 89' lang='lat' dir='ltr'><strong>per</strong></span> <span class='ocrx_word' id='word_1_170' title='bbox 1603 1450 1909 1484; x_wconf 85' lang='lat' dir='ltr'><strong>constitutionem</strong></span> 
     </span>
     <span class='ocr_line' id='line_1_21' title="bbox 282 1506 1908 1549; baseline -0.002 -8"><span class='ocrx_word' id='word_1_171' title='bbox 282 1508 452 1547; x_wconf 83' lang='lat' dir='ltr'><strong>eandem,</strong></span> <span class='ocrx_word' id='word_1_172' title='bbox 470 1508 558 1549; x_wconf 87' lang='lat' dir='ltr'><strong>quia</strong></span> <span class='ocrx_word' id='word_1_173' title='bbox 570 1508 712 1541; x_wconf 89' lang='lat' dir='ltr'><strong>eisdem</strong></span> <span class='ocrx_word' id='word_1_174' title='bbox 724 1508 906 1541; x_wconf 79' lang='lat' dir='ltr'><strong>fratribus</strong></span> <span class='ocrx_word' id='word_1_175' title='bbox 923 1509 960 1541; x_wconf 90' lang='lat' dir='ltr'><strong>et</strong></span> <span class='ocrx_word' id='word_1_176' title='bbox 976 1507 1168 1540; x_wconf 88' lang='lat' dir='ltr'><strong>sororibus</strong></span> <span class='ocrx_word' id='word_1_177' title='bbox 1193 1508 1238 1540; x_wconf 90' lang='lat' dir='ltr'><strong>de</strong></span> <span class='ocrx_word' id='word_1_178' title='bbox 1263 1507 1470 1549; x_wconf 86' lang='lat' dir='ltr'><strong>penitentia</strong></span> <span class='ocrx_word' id='word_1_179' title='bbox 1485 1507 1761 1539; x_wconf 88' lang='lat' dir='ltr'><strong>communicant</strong></span> <span class='ocrx_word' id='word_1_180' title='bbox 1783 1506 1822 1538; x_wconf 92' lang='lat' dir='ltr'><strong>et</strong></span> <span class='ocrx_word' id='word_1_181' title='bbox 1843 1514 1908 1538; x_wconf 89' lang='lat' dir='ltr'><strong>eos</strong></span> 
     </span>
     <span class='ocr_line' id='line_1_22' title="bbox 283 1560 1908 1604; baseline -0.001 -10"><span class='ocrx_word' id='word_1_182' title='bbox 283 1563 470 1604; x_wconf 86' lang='lat' dir='ltr'><strong>recipiunt</strong></span> <span class='ocrx_word' id='word_1_183' title='bbox 493 1563 539 1595; x_wconf 90' lang='lat' dir='ltr'><strong>ad</strong></span> <span class='ocrx_word' id='word_1_184' title='bbox 557 1562 695 1602; x_wconf 87' lang='lat' dir='ltr'><strong>divina,</strong></span> <span class='ocrx_word' id='word_1_185' title='bbox 714 1564 752 1595; x_wconf 89' lang='lat' dir='ltr'><strong>et</strong></span> <span class='ocrx_word' id='word_1_186' title='bbox 770 1564 925 1604; x_wconf 89' lang='lat' dir='ltr'><strong>propter</strong></span> <span class='ocrx_word' id='word_1_187' title='bbox 950 1562 1021 1594; x_wconf 87' lang='lat' dir='ltr'><strong>hoc</strong></span> <span class='ocrx_word' id='word_1_188' title='bbox 1044 1563 1146 1604; x_wconf 91' lang='lat' dir='ltr'><strong>ipsos</strong></span> <span class='ocrx_word' id='word_1_189' title='bbox 1170 1563 1307 1595; x_wconf 80' lang='lat' dir='ltr'><strong>fratres</strong></span> <span class='ocrx_word' id='word_1_190' title='bbox 1331 1562 1496 1595; x_wconf 82' lang='lat' dir='ltr'><strong>Minores</strong></span> <span class='ocrx_word' id='word_1_191' title='bbox 1513 1560 1908 1595; x_wconf 83' lang='lat' dir='ltr'><strong>excommunicationis</strong></span> 
     </span>
     <span class='ocr_line' id='line_1_23' title="bbox 283 1617 1908 1659; baseline -0.001 -9"><span class='ocrx_word' id='word_1_192' title='bbox 283 1619 508 1651; x_wconf 85' lang='lat' dir='ltr'><strong>sententiam</strong></span> <span class='ocrx_word' id='word_1_193' title='bbox 525 1619 741 1658; x_wconf 86' lang='lat' dir='ltr'><strong>incurrisse,</strong></span> <span class='ocrx_word' id='word_1_194' title='bbox 766 1618 852 1651; x_wconf 88' lang='lat' dir='ltr'><strong>illos</strong></span> <span class='ocrx_word' id='word_1_195' title='bbox 877 1619 1220 1652; x_wconf 82' lang='lat' dir='ltr'><strong>excommunicatos</strong></span> <span class='ocrx_word' id='word_1_196' title='bbox 1245 1618 1467 1652; x_wconf 86' lang='lat' dir='ltr'><strong>denuntiant</strong></span> <span class='ocrx_word' id='word_1_197' title='bbox 1489 1619 1527 1652; x_wconf 89' lang='lat' dir='ltr'><strong>et</strong></span> <span class='ocrx_word' id='word_1_198' title='bbox 1548 1618 1774 1652; x_wconf 88' lang='lat' dir='ltr'><strong>sententiam</strong></span> <span class='ocrx_word' id='word_1_199' title='bbox 1788 1617 1908 1659; x_wconf 88' lang='lat' dir='ltr'><strong>ipsam</strong></span> 
     </span>
     <span class='ocr_line' id='line_1_24' title="bbox 284 1671 1909 1715; baseline -0.001 -10"><span class='ocrx_word' id='word_1_200' title='bbox 284 1676 492 1715; x_wconf 84' lang='lat' dir='ltr'><strong>aggravant</strong></span> <span class='ocrx_word' id='word_1_201' title='bbox 508 1675 639 1706; x_wconf 87' lang='lat' dir='ltr'><strong>contra</strong></span> <span class='ocrx_word' id='word_1_202' title='bbox 652 1683 728 1713; x_wconf 85' lang='lat' dir='ltr'><strong>eOS,</strong></span> <span class='ocrx_word' id='word_1_203' title='bbox 749 1674 920 1706; x_wconf 86' lang='lat' dir='ltr'><strong>civitates</strong></span> <span class='ocrx_word' id='word_1_204' title='bbox 937 1676 974 1707; x_wconf 90' lang='lat' dir='ltr'><strong>et</strong></span> <span class='ocrx_word' id='word_1_205' title='bbox 991 1674 1085 1713; x_wconf 88' lang='lat' dir='ltr'><strong>loca,</strong></span> <span class='ocrx_word' id='word_1_206' title='bbox 1109 1674 1147 1706; x_wconf 88' lang='lat' dir='ltr'><strong>in</strong></span> <span class='ocrx_word' id='word_1_207' title='bbox 1162 1674 1296 1715; x_wconf 89' lang='lat' dir='ltr'><strong>quibus</strong></span> <span class='ocrx_word' id='word_1_208' title='bbox 1320 1674 1409 1706; x_wconf 90' lang='lat' dir='ltr'><strong>dicti</strong></span> <span class='ocrx_word' id='word_1_209' title='bbox 1430 1674 1567 1706; x_wconf 83' lang='lat' dir='ltr'><strong>fratres</strong></span> <span class='ocrx_word' id='word_1_210' title='bbox 1584 1673 1749 1706; x_wconf 89' lang='lat' dir='ltr'><strong>Minores</strong></span> <span class='ocrx_word' id='word_1_211' title='bbox 1764 1671 1909 1705; x_wconf 90' lang='lat' dir='ltr'><strong>inhabi-</strong></span> 
     </span>
     <span class='ocr_line' id='line_1_25' title="bbox 284 1726 1909 1771; baseline -0.001 -11"><span class='ocrx_word' id='word_1_212' title='bbox 284 1730 376 1768; x_wconf 80' lang='lat' dir='ltr'><strong>tant,</strong></span> <span class='ocrx_word' id='word_1_213' title='bbox 395 1728 649 1761; x_wconf 84' lang='lat' dir='ltr'><strong>ecclesiastico</strong></span> <span class='ocrx_word' id='word_1_214' title='bbox 672 1729 873 1761; x_wconf 87' lang='lat' dir='ltr'><strong>interdicto</strong></span> <span class='ocrx_word' id='word_1_215' title='bbox 891 1730 1105 1771; x_wconf 89' lang='lat' dir='ltr'><strong>supponunt</strong></span> <span class='ocrx_word' id='word_1_216' title='bbox 1123 1738 1165 1761; x_wconf 85' lang='lat' dir='ltr'><strong>ac</strong></span> <span class='ocrx_word' id='word_1_217' title='bbox 1182 1729 1236 1761; x_wconf 90' lang='lat' dir='ltr'><strong>eis</strong></span> <span class='ocrx_word' id='word_1_218' title='bbox 1253 1728 1476 1761; x_wconf 89' lang='lat' dir='ltr'><strong>elemosinas</strong></span> <span class='ocrx_word' id='word_1_219' title='bbox 1493 1729 1531 1761; x_wconf 93' lang='lat' dir='ltr'><strong>et</strong></span> <span class='ocrx_word' id='word_1_220' title='bbox 1554 1727 1629 1761; x_wconf 90' lang='lat' dir='ltr'><strong>alia</strong></span> <span class='ocrx_word' id='word_1_221' title='bbox 1650 1728 1726 1761; x_wconf 88' lang='lat' dir='ltr'><strong>vite</strong></span> <span class='ocrx_word' id='word_1_222' title='bbox 1742 1726 1909 1760; x_wconf 90' lang='lat' dir='ltr'><strong>subsidia</strong></span> 
     </span>
     <span class='ocr_line' id='line_1_26' title="bbox 284 1781 1908 1825; baseline 0 -11"><span class='ocrx_word' id='word_1_223' title='bbox 284 1781 521 1823; x_wconf 90' lang='lat' dir='ltr'><strong>subtrahunt,</strong></span> <span class='ocrx_word' id='word_1_224' title='bbox 546 1782 862 1825; x_wconf 89' lang='lat' dir='ltr'><strong>appellationibus</strong></span> <span class='ocrx_word' id='word_1_225' title='bbox 880 1785 993 1816; x_wconf 87' lang='lat' dir='ltr'><strong>etiam</strong></span> <span class='ocrx_word' id='word_1_226' title='bbox 1010 1793 1078 1825; x_wconf 91' lang='lat' dir='ltr'><strong>pro</strong></span> <span class='ocrx_word' id='word_1_227' title='bbox 1097 1786 1203 1825; x_wconf 87' lang='lat' dir='ltr'><strong>parte</strong></span> <span class='ocrx_word' id='word_1_228' title='bbox 1230 1784 1415 1816; x_wconf 80' lang='lat' dir='ltr'><strong>dictorum</strong></span> <span class='ocrx_word' id='word_1_229' title='bbox 1438 1784 1599 1816; x_wconf 84' lang='lat' dir='ltr'><strong>fratrum</strong></span> <span class='ocrx_word' id='word_1_230' title='bbox 1622 1784 1658 1816; x_wconf 91' lang='lat' dir='ltr'><strong>et</strong></span> <span class='ocrx_word' id='word_1_231' title='bbox 1674 1791 1846 1815; x_wconf 90' lang='lat' dir='ltr'><strong>sororum</strong></span> <span class='ocrx_word' id='word_1_232' title='bbox 1862 1781 1908 1814; x_wconf 90' lang='lat' dir='ltr'><strong>de</strong></span> 
     </span>
     <span class='ocr_line' id='line_1_27' title="bbox 282 1835 1908 1881; baseline -0.001 -12"><span class='ocrx_word' id='word_1_233' title='bbox 282 1838 489 1880; x_wconf 85' lang='lat' dir='ltr'><strong>penitentia</strong></span> <span class='ocrx_word' id='word_1_234' title='bbox 505 1839 542 1870; x_wconf 87' lang='lat' dir='ltr'><strong>et</strong></span> <span class='ocrx_word' id='word_1_235' title='bbox 560 1839 722 1871; x_wconf 78' lang='lat' dir='ltr'><strong>fratrum</strong></span> <span class='ocrx_word' id='word_1_236' title='bbox 739 1838 929 1871; x_wconf 89' lang='lat' dir='ltr'><strong>Minorum</strong></span> <span class='ocrx_word' id='word_1_237' title='bbox 946 1839 992 1872; x_wconf 90' lang='lat' dir='ltr'><strong>ad</strong></span> <span class='ocrx_word' id='word_1_238' title='bbox 1009 1840 1147 1872; x_wconf 88' lang='lat' dir='ltr'><strong>dictam</strong></span> <span class='ocrx_word' id='word_1_239' title='bbox 1170 1840 1297 1872; x_wconf 88' lang='lat' dir='ltr'><strong>sedem</strong></span> <span class='ocrx_word' id='word_1_240' title='bbox 1314 1839 1521 1881; x_wconf 86' lang='lat' dir='ltr'><strong>interjectis</strong></span> <span class='ocrx_word' id='word_1_241' title='bbox 1538 1838 1740 1880; x_wconf 87' lang='lat' dir='ltr'><strong>propterea</strong></span> <span class='ocrx_word' id='word_1_242' title='bbox 1754 1835 1908 1878; x_wconf 88' lang='lat' dir='ltr'><strong>vilipen-</strong></span> 
     </span>
     <span class='ocr_line' id='line_1_28' title="bbox 284 1890 1908 1936; baseline -0.001 -12"><span class='ocrx_word' id='word_1_243' title='bbox 284 1893 345 1924; x_wconf 82' lang='lat' dir='ltr'><strong>sis.</strong></span> <span class='ocrx_word' id='word_1_244' title='bbox 366 1893 455 1925; x_wconf 92' lang='lat' dir='ltr'><strong>Cum</strong></span> <span class='ocrx_word' id='word_1_245' title='bbox 469 1894 595 1934; x_wconf 88' lang='lat' dir='ltr'><strong>itaque</strong></span> <span class='ocrx_word' id='word_1_246' title='bbox 614 1894 832 1926; x_wconf 85' lang='lat' dir='ltr'><strong>constitutio</strong></span> <span class='ocrx_word' id='word_1_247' title='bbox 850 1894 1065 1935; x_wconf 88' lang='lat' dir='ltr'><strong>supradicta</strong></span> <span class='ocrx_word' id='word_1_248' title='bbox 1082 1895 1128 1927; x_wconf 87' lang='lat' dir='ltr'><strong>ad</strong></span> <span class='ocrx_word' id='word_1_249' title='bbox 1145 1895 1244 1936; x_wconf 87' lang='lat' dir='ltr'><strong>ipsos</strong></span> <span class='ocrx_word' id='word_1_250' title='bbox 1260 1895 1397 1926; x_wconf 81' lang='lat' dir='ltr'><strong>fratres</strong></span> <span class='ocrx_word' id='word_1_251' title='bbox 1415 1895 1452 1926; x_wconf 91' lang='lat' dir='ltr'><strong>et</strong></span> <span class='ocrx_word' id='word_1_252' title='bbox 1468 1902 1616 1925; x_wconf 89' lang='lat' dir='ltr'><strong>sorores</strong></span> <span class='ocrx_word' id='word_1_253' title='bbox 1632 1892 1742 1925; x_wconf 88' lang='lat' dir='ltr'><strong>tercii</strong></span> <span class='ocrx_word' id='word_1_254' title='bbox 1766 1890 1908 1923; x_wconf 90' lang='lat' dir='ltr'><strong>ordinis</strong></span> 
     </span>
     <span class='ocr_line' id='line_1_29' title="bbox 283 1945 1908 1989; baseline -0.002 -10"><span class='ocrx_word' id='word_1_255' title='bbox 283 1948 437 1980; x_wconf 88' lang='lat' dir='ltr'><strong>minime</strong></span> <span class='ocrx_word' id='word_1_256' title='bbox 475 1957 514 1981; x_wconf 92' lang='lat' dir='ltr'><strong>se</strong></span> <span class='ocrx_word' id='word_1_257' title='bbox 553 1949 743 1988; x_wconf 82' lang='lat' dir='ltr'><strong>extendat,</strong></span> <span class='ocrx_word' id='word_1_258' title='bbox 789 1949 1026 1981; x_wconf 89' lang='lat' dir='ltr'><strong>universitati</strong></span> <span class='ocrx_word' id='word_1_259' title='bbox 1058 1950 1181 1981; x_wconf 85' lang='lat' dir='ltr'><strong>vestre</strong></span> <span class='ocrx_word' id='word_1_260' title='bbox 1205 1949 1436 1988; x_wconf 86' lang='lat' dir='ltr'><strong>mandamus,</strong></span> <span class='ocrx_word' id='word_1_261' title='bbox 1463 1948 1645 1989; x_wconf 89' lang='lat' dir='ltr'><strong>quatenus</strong></span> <span class='ocrx_word' id='word_1_262' title='bbox 1683 1945 1908 1979; x_wconf 89' lang='lat' dir='ltr'><strong>memoratos</strong></span> 
     </span>
     <span class='ocr_line' id='line_1_30' title="bbox 282 2000 1908 2043; baseline 0 -11"><span class='ocrx_word' id='word_1_263' title='bbox 282 2001 418 2033; x_wconf 85' lang='lat' dir='ltr'><strong>fratres</strong></span> <span class='ocrx_word' id='word_1_264' title='bbox 435 2004 471 2033; x_wconf 82' lang='lat' dir='ltr'><strong>ct</strong></span> <span class='ocrx_word' id='word_1_265' title='bbox 495 2011 642 2035; x_wconf 88' lang='lat' dir='ltr'><strong>sorores</strong></span> <span class='ocrx_word' id='word_1_266' title='bbox 661 2003 705 2035; x_wconf 89' lang='lat' dir='ltr'><strong>de</strong></span> <span class='ocrx_word' id='word_1_267' title='bbox 734 2003 852 2034; x_wconf 83' lang='lat' dir='ltr'><strong>tercio</strong></span> <span class='ocrx_word' id='word_1_268' title='bbox 885 2003 1015 2035; x_wconf 88' lang='lat' dir='ltr'><strong>ordine</strong></span> <span class='ocrx_word' id='word_1_269' title='bbox 1032 2002 1219 2043; x_wconf 82' lang='lat' dir='ltr'><strong>prelibato</strong></span> <span class='ocrx_word' id='word_1_270' title='bbox 1243 2003 1302 2036; x_wconf 88' lang='lat' dir='ltr'><strong>vel</strong></span> <span class='ocrx_word' id='word_1_271' title='bbox 1326 2004 1464 2036; x_wconf 83' lang='lat' dir='ltr'><strong>fratres</strong></span> <span class='ocrx_word' id='word_1_272' title='bbox 1493 2003 1658 2036; x_wconf 91' lang='lat' dir='ltr'><strong>Minores</strong></span> <span class='ocrx_word' id='word_1_273' title='bbox 1675 2011 1740 2034; x_wconf 90' lang='lat' dir='ltr'><strong>seu</strong></span> <span class='ocrx_word' id='word_1_274' title='bbox 1759 2000 1908 2042; x_wconf 89' lang='lat' dir='ltr'><strong>quosvis</strong></span> 
     </span>
     <span class='ocr_line' id='line_1_31' title="bbox 282 2054 1908 2099; baseline 0.001 -13"><span class='ocrx_word' id='word_1_275' title='bbox 282 2054 375 2087; x_wconf 86' lang='lat' dir='ltr'><strong>alios</strong></span> <span class='ocrx_word' id='word_1_276' title='bbox 400 2057 595 2088; x_wconf 74' lang='lat' dir='ltr'><strong>occasione</strong></span> <span class='ocrx_word' id='word_1_277' title='bbox 610 2057 795 2098; x_wconf 87' lang='lat' dir='ltr'><strong>premissa</strong></span> <span class='ocrx_word' id='word_1_278' title='bbox 808 2056 1022 2089; x_wconf 87' lang='lat' dir='ltr'><strong>nullatenus</strong></span> <span class='ocrx_word' id='word_1_279' title='bbox 1039 2056 1246 2089; x_wconf 86' lang='lat' dir='ltr'><strong>molestetis</strong></span> <span class='ocrx_word' id='word_1_280' title='bbox 1263 2067 1331 2090; x_wconf 87' lang='lat' dir='ltr'><strong>nec</strong></span> <span class='ocrx_word' id='word_1_281' title='bbox 1348 2058 1574 2099; x_wconf 85' lang='lat' dir='ltr'><strong>permittatis</strong></span> <span class='ocrx_word' id='word_1_282' title='bbox 1591 2058 1636 2089; x_wconf 89' lang='lat' dir='ltr'><strong>ab</strong></span> <span class='ocrx_word' id='word_1_283' title='bbox 1655 2056 1739 2089; x_wconf 86' lang='lat' dir='ltr'><strong>aliis</strong></span> <span class='ocrx_word' id='word_1_284' title='bbox 1755 2064 1908 2097; x_wconf 89' lang='lat' dir='ltr'><strong>quomo·</strong></span> 
     </span>
     <span class='ocr_line' id='line_1_32' title="bbox 283 2110 1789 2154; baseline 0.001 -13"><span class='ocrx_word' id='word_1_285' title='bbox 283 2110 423 2142; x_wconf 84' lang='lat' dir='ltr'><strong>dolibet</strong></span> <span class='ocrx_word' id='word_1_286' title='bbox 441 2110 646 2151; x_wconf 87' lang='lat' dir='ltr'><strong>molestari,</strong></span> <span class='ocrx_word' id='word_1_287' title='bbox 663 2112 734 2143; x_wconf 90' lang='lat' dir='ltr'><strong>nisi</strong></span> <span class='ocrx_word' id='word_1_288' title='bbox 752 2112 990 2154; x_wconf 86' lang='lat' dir='ltr'><strong>contingeret</strong></span> <span class='ocrx_word' id='word_1_289' title='bbox 1002 2121 1069 2153; x_wconf 89' lang='lat' dir='ltr'><strong>per</strong></span> <span class='ocrx_word' id='word_1_290' title='bbox 1086 2112 1211 2145; x_wconf 88' lang='lat' dir='ltr'><strong>sedem</strong></span> <span class='ocrx_word' id='word_1_291' title='bbox 1225 2112 1468 2154; x_wconf 88' lang='lat' dir='ltr'><strong>apostolicam</strong></span> <span class='ocrx_word' id='word_1_292' title='bbox 1493 2112 1594 2145; x_wconf 89' lang='lat' dir='ltr'><strong>aliud</strong></span> <span class='ocrx_word' id='word_1_293' title='bbox 1611 2111 1789 2144; x_wconf 90' lang='lat' dir='ltr'><strong>ordinari.</strong></span> 
     </span>
     <span class='ocr_line' id='line_1_33' title="bbox 328 2166 1029 2206; baseline 0.003 -9"><span class='ocrx_word' id='word_1_294' title='bbox 328 2166 411 2199; x_wconf 88' lang='lat' dir='ltr'><strong>Dat.</strong></span> <span class='ocrx_word' id='word_1_295' title='bbox 430 2167 553 2206; x_wconf 84' lang='lat' dir='ltr'><strong>Avin.,</strong></span> <span class='ocrx_word' id='word_1_296' title='bbox 567 2166 600 2198; x_wconf 88' lang='lat'><strong>7.</strong></span> <span class='ocrx_word' id='word_1_297' title='bbox 620 2166 696 2199; x_wconf 89' lang='lat' dir='ltr'><strong>kal.</strong></span> <span class='ocrx_word' id='word_1_298' title='bbox 714 2166 863 2206; x_wconf 88' lang='lat' dir='ltr'><strong>Marcii,</strong></span> <span class='ocrx_word' id='word_1_299' title='bbox 881 2176 978 2199; x_wconf 89' lang='lat' dir='ltr'><strong>anno</strong></span> <span class='ocrx_word' id='word_1_300' title='bbox 996 2167 1029 2199; x_wconf 89' lang='lat'><strong>3.</strong></span> 
     </span>
    </p>
   </div>
   <div class='ocr_carea' id='block_1_6' title="bbox 630 2241 1907 2440">
    <p class='ocr_par' dir='ltr' id='par_1_8' title="bbox 630 2241 1907 2440">
     <span class='ocr_line' id='line_1_34' title="bbox 630 2241 1907 2286; baseline -0.003 -9"><span class='ocrx_word' id='word_1_301' title='bbox 630 2243 785 2277; x_wconf 81' lang='lat' dir='ltr'><strong>Archief</strong></span> <span class='ocrx_word' id='word_1_302' title='bbox 802 2253 873 2275; x_wconf 89' lang='lat' dir='ltr'><strong>van</strong></span> <span class='ocrx_word' id='word_1_303' title='bbox 891 2243 955 2275; x_wconf 88' lang='lat' dir='ltr'><strong>het</strong></span> <span class='ocrx_word' id='word_1_304' title='bbox 972 2242 1169 2283; x_wconf 87' lang='lat' dir='ltr'><strong>Vatikaan‚</strong></span> <span class='ocrx_word' id='word_1_305' title='bbox 1195 2244 1290 2286; x_wconf 84' lang='lat' dir='ltr'><strong>Reg.</strong></span> <span class='ocrx_word' id='word_1_306' title='bbox 1313 2245 1367 2285; x_wconf 88' lang='lat'><strong>69,</strong></span> <span class='ocrx_word' id='word_1_307' title='bbox 1384 2253 1568 2277; x_wconf 87' lang='lat' dir='ltr'><strong>commun.</strong></span> <span class='ocrx_word' id='word_1_308' title='bbox 1588 2249 1627 2276; x_wconf 66' lang='lat' dir='ltr'><strong>nr</strong></span> <span class='ocrx_word' id='word_1_309' title='bbox 1642 2243 1729 2284; x_wconf 81' lang='lat'>3593</span> <span class='ocrx_word' id='word_1_310' title='bbox 1754 2241 1907 2275; x_wconf 84' lang='lat' dir='ltr'><strong>verkort</strong></span> 
     </span>
     <span class='ocr_line' id='line_1_35' title="bbox 675 2295 1906 2340; baseline -0.002 -10"><span class='ocrx_word' id='word_1_311' title='bbox 675 2298 878 2340; x_wconf 81' lang='lat' dir='ltr'><strong>afgedrukt</strong></span> <span class='ocrx_word' id='word_1_312' title='bbox 904 2298 951 2339; x_wconf 84' lang='lat' dir='ltr'><strong>bij</strong></span> <span class='ocrx_word' id='word_1_313' title='bbox 979 2298 1014 2330; x_wconf 82' lang='lat' dir='ltr'><strong>S.</strong></span> <span class='ocrx_word' id='word_1_314' title='bbox 1042 2298 1206 2338; x_wconf 80' lang='lat' dir='ltr'><strong>Riezler,</strong></span> <span class='ocrx_word' id='word_1_315' title='bbox 1238 2297 1525 2331; x_wconf 77' lang='lat' dir='ltr'><strong>Vatikam&#39;schen</strong></span> <span class='ocrx_word' id='word_1_316' title='bbox 1548 2297 1672 2331; x_wconf 77' lang='lat' dir='ltr'><strong>Akten</strong></span> <span class='ocrx_word' id='word_1_317' title='bbox 1694 2306 1768 2330; x_wconf 74' lang='lat' dir='ltr'><strong>zur</strong></span> <span class='ocrx_word' id='word_1_318' title='bbox 1804 2295 1906 2329; x_wconf 80' lang='lat' dir='ltr'><strong>deut-</strong></span> 
     </span>
     <span class='ocr_line' id='line_1_36' title="bbox 674 2351 1906 2396; baseline 0 -12"><span class='ocrx_word' id='word_1_319' title='bbox 674 2351 786 2385; x_wconf 82' lang='lat' dir='ltr'><strong>schen</strong></span> <span class='ocrx_word' id='word_1_320' title='bbox 805 2351 1016 2386; x_wconf 75' lang='lat' dir='ltr'><strong>Geschz&#39;chte</strong></span> <span class='ocrx_word' id='word_1_321' title='bbox 1039 2354 1079 2384; x_wconf 75' lang='lat' dir='ltr'><strong>in</strong></span> <span class='ocrx_word' id='word_1_322' title='bbox 1102 2352 1169 2386; x_wconf 71' lang='lat' dir='ltr'><strong>der</strong></span> <span class='ocrx_word' id='word_1_323' title='bbox 1191 2353 1267 2386; x_wconf 78' lang='lat' dir='ltr'><strong>Zeit</strong></span> <span class='ocrx_word' id='word_1_324' title='bbox 1292 2353 1467 2396; x_wconf 72' lang='lat' dir='ltr'><strong>Ludwz&#39;ys</strong></span> <span class='ocrx_word' id='word_1_325' title='bbox 1489 2352 1553 2386; x_wconf 80' lang='lat' dir='ltr'><strong>des</strong></span> <span class='ocrx_word' id='word_1_326' title='bbox 1576 2353 1742 2395; x_wconf 77' lang='lat' dir='ltr'><strong>Bayern,</strong></span> <span class='ocrx_word' id='word_1_327' title='bbox 1758 2351 1825 2384; x_wconf 90' lang='lat' dir='ltr'><strong>blz.</strong></span> <span class='ocrx_word' id='word_1_328' title='bbox 1851 2351 1906 2392; x_wconf 86' lang='lat'><strong>85,</strong></span> 
     </span>
     <span class='ocr_line' id='line_1_37' title="bbox 676 2407 805 2440; baseline 0.008 -2"><span class='ocrx_word' id='word_1_329' title='bbox 676 2414 714 2439; x_wconf 82' lang='lat'>11¹·</span> <span class='ocrx_word' id='word_1_330' title='bbox 733 2407 805 2440; x_wconf 84' lang='lat'>148.</span> 
     </span>
    </p>
   </div>
   <div class='ocr_carea' id='block_1_7' title="bbox 948 2516 1250 2579">
    <p class='ocr_par' dir='ltr' id='par_1_9' title="bbox 948 2516 1250 2579">
     <span class='ocr_line' id='line_1_38' title="bbox 948 2516 1250 2579; baseline -0.013 -14"><span class='ocrx_word' id='word_1_331' title='bbox 948 2521 1016 2565; x_wconf 84' lang='lat'><strong>47</strong></span> <span class='ocrx_word' id='word_1_332' title='bbox 1054 2519 1089 2579; x_wconf 73' lang='lat'><strong>(1</strong></span> <span class='ocrx_word' id='word_1_333' title='bbox 1108 2516 1250 2579; x_wconf 64' lang='lat'><strong>741218).</strong></span> 
     </span>
    </p>
   </div>
   <div class='ocr_carea' id='block_1_8' title="bbox 281 2644 1907 2909">
    <p class='ocr_par' dir='ltr' id='par_1_10' title="bbox 281 2644 1907 2909">
     <span class='ocr_line' id='line_1_39' title="bbox 345 2644 1907 2704; baseline 0.003 -18"><span class='ocrx_word' id='word_1_334' title='bbox 345 2644 484 2696; x_wconf 84' lang='lat'><em>(1319,</em></span> <span class='ocrx_word' id='word_1_335' title='bbox 525 2646 619 2689; x_wconf 86' lang='lat' dir='ltr'><strong>Mei</strong></span> <span class='ocrx_word' id='word_1_336' title='bbox 655 2652 722 2698; x_wconf 80' lang='lat'><strong>23,</strong></span> <span class='ocrx_word' id='word_1_337' title='bbox 763 2647 1017 2704; x_wconf 69' lang='lat' dir='ltr'><strong>Aviynon.)</strong></span> <span class='ocrx_word' id='word_1_338' title='bbox 1059 2648 1294 2703; x_wconf 83' lang='lat' dir='ltr'><strong>Fragment</strong></span> <span class='ocrx_word' id='word_1_339' title='bbox 1338 2662 1468 2691; x_wconf 91' lang='lat' dir='ltr'><strong>eener</strong></span> <span class='ocrx_word' id='word_1_340' title='bbox 1511 2648 1581 2691; x_wconf 89' lang='lat' dir='ltr'><strong>bul</strong></span> <span class='ocrx_word' id='word_1_341' title='bbox 1620 2661 1702 2691; x_wconf 87' lang='lat' dir='ltr'><strong>van</strong></span> <span class='ocrx_word' id='word_1_342' title='bbox 1744 2647 1907 2691; x_wconf 87' lang='lat' dir='ltr'><strong>Johan-</strong></span> 
     </span>
     <span class='ocr_line' id='line_1_40' title="bbox 285 2713 1906 2774; baseline 0.002 -20"><span class='ocrx_word' id='word_1_343' title='bbox 285 2726 362 2754; x_wconf 88' lang='lat' dir='ltr'><strong>nes</strong></span> <span class='ocrx_word' id='word_1_344' title='bbox 386 2713 530 2766; x_wconf 91' lang='lat' dir='ltr'>XXII,</span> <span class='ocrx_word' id='word_1_345' title='bbox 567 2715 738 2770; x_wconf 83' lang='lat' dir='ltr'><strong>gericht</strong></span> <span class='ocrx_word' id='word_1_346' title='bbox 768 2719 833 2758; x_wconf 86' lang='lat' dir='ltr'><strong>tot</strong></span> <span class='ocrx_word' id='word_1_347' title='bbox 863 2716 914 2758; x_wconf 90' lang='lat' dir='ltr'><strong>de</strong></span> <span class='ocrx_word' id='word_1_348' title='bbox 947 2716 1228 2759; x_wconf 85' lang='lat' dir='ltr'><strong>Brusselsche</strong></span> <span class='ocrx_word' id='word_1_349' title='bbox 1266 2718 1493 2774; x_wconf 84' lang='lat' dir='ltr'><strong>Begijnen.</strong></span> <span class='ocrx_word' id='word_1_350' title='bbox 1535 2715 1715 2773; x_wconf 87' lang='lat' dir='ltr'><strong>waarbij</strong></span> <span class='ocrx_word' id='word_1_351' title='bbox 1757 2716 1815 2772; x_wconf 90' lang='lat' dir='ltr'><strong>hij</strong></span> <span class='ocrx_word' id='word_1_352' title='bbox 1854 2715 1906 2758; x_wconf 91' lang='lat' dir='ltr'><strong>de</strong></span> 
     </span>
     <span class='ocr_line' id='line_1_41' title="bbox 285 2781 1904 2842; baseline 0.003 -20"><span class='ocrx_word' id='word_1_353' title='bbox 285 2781 492 2836; x_wconf 85' lang='lat' dir='ltr'><strong>Begijnen</strong></span> <span class='ocrx_word' id='word_1_354' title='bbox 526 2796 612 2826; x_wconf 88' lang='lat' dir='ltr'><strong>van</strong></span> <span class='ocrx_word' id='word_1_355' title='bbox 636 2784 711 2826; x_wconf 89' lang='lat' dir='ltr'><strong>het</strong></span> <span class='ocrx_word' id='word_1_356' title='bbox 733 2784 987 2839; x_wconf 84' lang='lat' dir='ltr'><strong>hertogdom</strong></span> <span class='ocrx_word' id='word_1_357' title='bbox 1011 2784 1203 2827; x_wconf 79' lang='lat' dir='ltr'><strong>Brabant</strong></span> <span class='ocrx_word' id='word_1_358' title='bbox 1236 2799 1289 2842; x_wconf 89' lang='lat' dir='ltr'><strong>op</strong></span> <span class='ocrx_word' id='word_1_359' title='bbox 1312 2786 1420 2828; x_wconf 87' lang='lat' dir='ltr'><strong>haar</strong></span> <span class='ocrx_word' id='word_1_360' title='bbox 1453 2785 1640 2828; x_wconf 87' lang='lat' dir='ltr'><strong>verzoek</strong></span> <span class='ocrx_word' id='word_1_361' title='bbox 1675 2788 1762 2827; x_wconf 87' lang='lat' dir='ltr'><strong>met</strong></span> <span class='ocrx_word' id='word_1_362' title='bbox 1799 2785 1904 2827; x_wconf 85' lang='lat' dir='ltr'><strong>hare</strong></span> 
     </span>
     <span class='ocr_line' id='line_1_42' title="bbox 281 2846 1350 2909; baseline 0.007 -20"><span class='ocrx_word' id='word_1_363' title='bbox 281 2846 548 2906; x_wconf 88' lang='lat' dir='ltr'><strong>bezittingen</strong></span> <span class='ocrx_word' id='word_1_364' title='bbox 573 2852 705 2894; x_wconf 88' lang='lat' dir='ltr'><strong>onder</strong></span> <span class='ocrx_word' id='word_1_365' title='bbox 730 2853 842 2909; x_wconf 75' lang='lat' dir='ltr'><strong>ziJne</strong></span> <span class='ocrx_word' id='word_1_366' title='bbox 868 2853 1165 2909; x_wconf 86' lang='lat' dir='ltr'><strong>bescherming</strong></span> <span class='ocrx_word' id='word_1_367' title='bbox 1190 2861 1350 2896; x_wconf 86' lang='lat' dir='ltr'><strong>neemt.</strong></span> 
     </span>
    </p>
   </div>
   <div class='ocr_carea' id='block_1_9' title="bbox 326 2939 1902 3042">
    <p class='ocr_par' dir='ltr' id='par_1_11' title="bbox 326 2939 1902 3042">
     <span class='ocr_line' id='line_1_43' title="bbox 326 2939 1789 2988; baseline 0.004 -16"><span class='ocrx_word' id='word_1_368' title='bbox 326 2939 349 2972; x_wconf 77' lang='lat' dir='ltr'>J</span> <span class='ocrx_word' id='word_1_369' title='bbox 353 2940 518 2974; x_wconf 86' lang='lat' dir='ltr'><strong>ohannes</strong></span> <span class='ocrx_word' id='word_1_370' title='bbox 533 2943 741 2985; x_wconf 79' lang='lat' dir='ltr'><strong>episeopus,</strong></span> <span class='ocrx_word' id='word_1_371' title='bbox 755 2953 886 2977; x_wconf 87' lang='lat' dir='ltr'><strong>seruus</strong></span> <span class='ocrx_word' id='word_1_372' title='bbox 903 2953 1099 2977; x_wconf 88' lang='lat' dir='ltr'><strong>seruorum</strong></span> <span class='ocrx_word' id='word_1_373' title='bbox 1115 2945 1198 2985; x_wconf 86' lang='lat' dir='ltr'><strong>Dei,</strong></span> <span class='ocrx_word' id='word_1_374' title='bbox 1213 2946 1259 2978; x_wconf 89' lang='lat' dir='ltr'><strong>ad</strong></span> <span class='ocrx_word' id='word_1_375' title='bbox 1275 2948 1495 2988; x_wconf 89' lang='lat' dir='ltr'><strong>perpetuam</strong></span> <span class='ocrx_word' id='word_1_376' title='bbox 1516 2945 1736 2979; x_wconf 87' lang='lat' dir='ltr'><strong>memoriam</strong></span> <span class='ocrx_word' id='word_1_377' title='bbox 1749 2943 1789 2988; x_wconf 75' lang='lat'><strong>(2)</strong></span> 
     </span>
     <span class='ocr_line' id='line_1_44' title="bbox 327 2993 1902 3042; baseline 0.003 -15"><span class='ocrx_word' id='word_1_378' title='bbox 327 2993 570 3030; x_wconf 87' lang='lat' dir='ltr'><strong>Sacrosancta</strong></span> <span class='ocrx_word' id='word_1_379' title='bbox 592 2997 764 3032; x_wconf 86' lang='lat' dir='ltr'><strong>Romana</strong></span> <span class='ocrx_word' id='word_1_380' title='bbox 790 2998 950 3033; x_wconf 89' lang='lat' dir='ltr'><strong>ecclesia</strong></span> <span class='ocrx_word' id='word_1_381' title='bbox 965 2999 1120 3033; x_wconf 87' lang='lat' dir='ltr'><strong>deuotas</strong></span> <span class='ocrx_word' id='word_1_382' title='bbox 1145 3001 1184 3033; x_wconf 91' lang='lat' dir='ltr'><strong>et</strong></span> <span class='ocrx_word' id='word_1_383' title='bbox 1206 3000 1368 3036; x_wconf 89' lang='lat' dir='ltr'><strong>humiles</strong></span> <span class='ocrx_word' id='word_1_384' title='bbox 1391 3000 1487 3034; x_wconf 87' lang='lat' dir='ltr'><strong>filias</strong></span> <span class='ocrx_word' id='word_1_385' title='bbox 1504 3010 1551 3035; x_wconf 88' lang='lat' dir='ltr'><strong>ex</strong></span> <span class='ocrx_word' id='word_1_386' title='bbox 1578 3000 1735 3035; x_wconf 88' lang='lat' dir='ltr'><strong>assuetis</strong></span> <span class='ocrx_word' id='word_1_387' title='bbox 1749 2998 1902 3042; x_wconf 86' lang='lat' dir='ltr'><strong>pietatis</strong></span> 
     </span>
    </p>
   </div>
   <div class='ocr_carea' id='block_1_10' title="bbox 2041 315 2050 343">
    <p class='ocr_par' dir='ltr' id='par_1_12' title="bbox 2041 315 2050 343">
     <span class='ocr_line' id='line_1_45' title="bbox 2041 315 2050 343; textangle 90"><span class='ocrx_word' id='word_1_388' title='bbox 2041 315 2050 343; x_wconf 58' lang='lat' dir='ltr'><strong>A—</strong></span> 
     </span>
    </p>
   </div>
  </div>
 </body>
</html>
