2050 3470
260 293 300 325 64
952 290 1087 324 ANNO
1117 289 1201 323 1310

262 418 276 431 u
293 403 398 442 Quod
415 402 500 435 talis
525 402 649 435 anima
667 411 737 434 non
772 403 875 434 curat
905 401 952 433 de
977 399 1301 433 consolacionibus
1323 400 1392 433 Dei
1411 409 1478 433 nec
1494 400 1539 433 de
1566 400 1673 433 donis
1698 400 1791 442 ejus,
1818 409 1885 434 nec

259 460 369 491 debet
384 467 516 491 curare
535 466 601 490 nec
619 459 752 498 potest,
771 457 860 497 quia
877 457 956 489 tota
979 456 1124 489 intenta
1141 457 1197 488 est
1220 456 1321 488 eirea
1349 456 1480 495 Deum,
1499 458 1536 489 et
1563 457 1615 488 sie
1640 456 1886 498 impediretur

259 514 339 554 ejus
358 513 516 545 intentio
529 513 629 545 cirea
648 513 780 545 Deum.
797 526 812 538 »-

303 568 441 600 Habita
457 569 581 600 autem
599 566 702 608 prius
720 565 996 598 deliberatione
1015 564 1114 597 inter
1132 564 1230 606 ipsos
1247 565 1447 607 magistros
1471 565 1715 606 supradictos,
1731 565 1768 598 S.
1781 565 1886 598 deca-

260 633 341 663 nus,
379 623 425 655 de
453 621 644 654 voluntate
683 623 721 654 et
761 620 936 652 concordi
971 627 1121 651 assensu
1153 620 1190 651 et
1226 619 1392 660 ipsorum
1425 620 1590 652 omnium
1618 621 1886 662 magistrorum

260 679 421 716 nomine,
448 677 543 709 dixit
567 675 828 717 respondendo
862 673 1133 722 consultaqioni
1163 674 1207 706 ab
1239 674 1380 706 eisdem
1404 675 1533 716 petite,
1564 675 1662 716 quod
1688 674 1886 708 eonsilium

258 734 422 766 omnium
447 734 527 765 erat
544 736 579 763 et
595 732 662 770 ost,
681 730 779 772 quod
794 729 880 762 talis
898 729 1007 768 liber,
1024 729 1061 760 in
1078 738 1150 769 quo
1168 729 1408 762 continentur
1420 729 1509 762 dicti
1528 729 1690 768 articuli,
1706 730 1884 771 tanquam

257 788 446 821 hereticus
461 788 497 819 et
514 794 693 818 erroneus
710 786 747 817 et
764 783 941 816 heresum
958 784 995 816 et
1011 791 1182 815 errorum
1199 783 1433 816 contentivus
1457 784 1741 816 exterminetur.

299 844 433 875 Actum
453 842 489 873 in
509 841 590 873 loco
608 840 789 882 predicto,
807 847 903 871 anno
920 837 1069 871 Domini
1083 837 1137 869 Μο
1151 836 1255 872 CCC⁰
1267 846 1377 877 nono,
1397 838 1472 870 XIa
1496 838 1556 871 die
1573 838 1724 880 Aprilis.

603 915 858 948 Instrumenta
890 913 990 956 facta
1017 923 1129 956 super
1152 914 1431 946 eoeamz'nacz'one
1455 913 1505 946 M.
1534 914 1679 953 Porete,
1707 913 1883 957 culpabili

646 969 691 1002 de
717 969 847 1008 heresi,
866 969 903 1000 in
921 969 966 1001 de
990 968 1170 1001 Archives
1198 967 1407 1001 nationales
1431 970 1468 1001 te
1493 969 1629 1011 PariJs,
1660 969 1818 1011 Layette
1845 969 1884 1002 J.

649 1024 724 1065 428,
757 1029 796 1055 nr
821 1023 884 1064 153
914 1023 1141 1065 uitgegeven
1167 1023 1260 1055 door
1285 1022 1348 1055 Ch.
1380 1023 1424 1055 V.
1444 1023 1634 1065 Langlois,
1659 1023 1887 1066 Maryuerite

650 1080 794 1118 Forata,
831 1079 869 1111 in
905 1079 950 1111 de
987 1078 1109 1113 Revue
1149 1077 1348 1122 historique
1388 1088 1458 1111 van
1498 1080 1633 1121 Parnjs,
1670 1080 1752 1113 deel
1788 1080 1883 1120 LIV,

649 1135 717 1167 blz.
737 1135 813 1174 296,
839 1134 902 1166 297
933 1134 1008 1176 (afl.
1026 1143 1096 1166 van
1126 1133 1370 1176 Maart-April
1401 1134 1567 1175 1894).—-
1585 1134 1645 1168 Dit
1672 1134 1885 1177 belangrijk

648 1189 734 1222 stuk
746 1190 867 1221 wordt
879 1189 1034 1221 vermist
1051 1189 1099 1230 bij
1118 1189 1163 1221 de
1177 1191 1272 1222 twee
1286 1189 1424 1222 andere
1438 1189 1600 1224 stukken
1616 1199 1687 1222 van
1700 1189 1886 1223 hetzelfde

648 1244 918 1286 kettergeding
945 1244 1172 1286 uitgegeven
1200 1244 1293 1277 door
1320 1244 1368 1278 H.
1401 1244 1438 1277 C.
1473 1244 1560 1284 Lea,
1585 1244 1736 1287 History
1765 1244 1810 1288 of
1826 1243 1886 1278 the

646 1300 879 1344 Inquisition,
898 1298 982 1332 (1661
1000 1299 1050 1339 ΙΙ,
1069 1298 1138 1331 blz.
1157 1298 1302 1333 575-578
1320 1310 1329 1341 ς
1347 1299 1386 1332 in
1406 1298 1544 1343 Corpus
1554 1299 1584 1339 Ι,
1603 1305 1655 1332 11¹⁶s
1669 1300 1731 1333 164
1747 1308 1794 1333 en
1808 1299 1883 1339 165,

651 1354 720 1389 blz.
748 1353 903 1388 155-160.

926 1469 995 1514 38
1029 1462 1229 1529 (1661212).

315 1600 436 1650 1310,
463 1597 579 1640 ,1αηὶ
594 1605 634 1650 1,
661 1597 832 1653 Ρανῇε.
854 1596 1094 1640 Uittreksel
1116 1594 1179 1638 uit
1209 1597 1293 1639 Les
1307 1596 1512 1652 yrandes
1532 1596 1802 1653 chronique-s·
1827 1597 1882 1640 de

258 1667 436 1709 Franee
458 1680 562 1708 over
597 1666 648 1708 de
671 1665 811 1722 begijn
840 1665 1122 1721 Margaretha
1160 1666 1318 1707 Por-ete
1351 1678 1404 1707 en
1443 1665 1550 1707 hare
1584 1665 1880 1720 verbranding

255 1740 299 1778 te
335 1736 491 1793 PariJ’s.
525 1760 582 1768 —
612 1735 672 1791 Zij
697 1735 782 1778 had
819 1748 924 1777 eene
962 1733 1213 1777 kettersche
1253 1733 1473 1790 vertaling
1509 1734 1587 1777 der
1625 1735 1676 1777 H.
1719 1733 1882 1777 schrift

257 1802 473 1858 gemaakt.
503 1805 562 1861 Zij
587 1803 707 1846 werd
733 1802 1010 1846 veroordeeld
1029 1816 1081 1844 en
1106 1801 1337 1845 verbrand.

303 1895 351 1927 Et
368 1896 403 1929 le
417 1895 521 1929 lundi
536 1896 745 1936 ensuivant,
762 1896 801 1928 su
819 1904 914 1935 arse,
933 1904 980 1928 au
997 1894 1073 1928 lieu
1090 1895 1226 1928 devant
1238 1894 1305 1933 dit,
1331 1903 1404 1927 une
1429 1893 1592 1936 beguine
1608 1893 1796 1937 clergesse
1820 1895 1884 1937 qui

259 1951 370 1983 estoit
411 1951 581 1993 appellee
607 1950 836 1993 Marguerite
864 1950 901 1983 la
927 1951 1078 1989 Porete,
1112 1950 1175 1991 qui
1203 1949 1304 1982 avoit
1335 1950 1545 1991 trespassee
1576 1950 1614 1982 et
1641 1950 1885 1984 transcendee

259 2003 495 2046 l'escripture
523 2006 667 2045 devine,
695 2007 730 2038 et
754 2006 794 2038 es
824 2004 976 2038 articles
1001 2005 1046 2038 de
1072 2004 1110 2037 la
1140 2005 1204 2046 foy
1221 2004 1322 2036 avoit
1346 2004 1443 2043 erre,
1473 2005 1510 2036 et
1535 2004 1583 2036 du
1606 2005 1817 2036 sacrement
1839 2004 1885 2037 de

258 2059 385 2092 l’autel
404 2060 504 2092 avoit
520 2061 574 2092 dit
590 2060 738 2102 paroles
754 2061 961 2093 contraires
978 2061 1015 2092 et
1038 2058 1327 2101 preJ'udiciables
1343 2069 1352 2099 ς
1378 2059 1426 2098 et,
1442 2068 1538 2100 pour
1562 2067 1616 2099 ce,
1634 2059 1699 2092 des
1715 2059 1887 2093 maistres

263 2123 396 2156 expers
421 2115 465 2147 de
483 2114 675 2157 theologie
693 2116 793 2148 avoit
804 2115 883 2147 este
899 2114 1164 2155 condampnee.

604 2190 676 2223 Les
697 2189 862 2233 grandes
885 2188 1104 2234 chroniques
1127 2189 1172 2223 de
1195 2190 1342 2223 France
1377 2190 1605 2232 uitgegeven
1633 2191 1727 2223 door
1750 2189 1886 2223 Paulin

648 2246 774 2285 Paris,
794 2245 876 2278 deel
894 2245 937 2286 V,
957 2245 1025 2278 blz.
1046 2245 1107 2279 188
1120 2245 1241 2288 (1837).

915 2380 983 2423 39
1019 2374 1221 2436 (motez.

322 2506 442 2555 1310,
469 2504 584 2546 Jum·
603 2506 642 2556 1,
664 2505 837 2560 Parg'js.
853 2504 1092 2547 Uittreksel
1112 2504 1171 2546 uit
1193 2504 1244 2547 de
1264 2503 1439 2560 kronijk
1461 2517 1545 2546 van
1562 2505 1670 2547 Jean
1689 2504 1886 2548 d'Outre-

261 2585 406 2614 meuse
438 2572 488 2626 (1-
516 2572 644 2628 1400)
667 2586 770 2615 over
792 2573 844 2615 de
876 2573 1020 2629 begijn
1053 2573 1338 2628 Margaretha
1369 2573 1526 2614 Porete
1570 2586 1623 2615 en
1655 2573 1762 2616 hare
1784 2587 1884 2616 ver—

263 2641 477 2698 branding
510 2646 551 2684 te
589 2641 746 2698 Parijs.
793 2667 849 2673 —
893 2641 951 2698 Zij
990 2640 1075 2683 had
1113 2654 1218 2682 eene
1260 2640 1512 2683 kettersehe
1550 2641 1771 2696 vertaling
1807 2641 1885 2685 der

262 2711 315 2754 H.
339 2710 503 2755 Schrift
523 2710 741 2766 gemaakt.
769 2710 827 2766 Zij
853 2709 973 2752 werd
991 2709 1270 2752 veroordeeld
1293 2723 1356 2760 en⁴
1371 2707 1600 2759 verbrand,
1622 2712 1742 2753 maar
1759 2709 1890 2753 stierf

260 2780 302 2821 in
325 2779 400 2821 het
421 2793 540 2821 ware
563 2778 791 2836 geloof(?).

300 2869 369 2903 Del
384 2869 576 2914 suffissant
600 2869 751 2913 beyhz'ne
768 2870 830 2914 qui
845 2869 903 2913 fut
919 2879 1032 2903 arses.

302 2925 350 2958 Et
366 2925 401 2958 le
419 2925 523 2958 lundi
546 2926 701 2957 tantoist
718 2924 929 2968 [ensuivant
945 2924 981 2958 le
997 2923 1112 2966 vigiel
1129 2924 1189 2957 del
1205 2922 1423 2967 Ascention]
1442 2923 1499 2956 fut
1515 2932 1599 2956 arse
1623 2932 1696 2956 une
1714 2922 1877 2966 beghine

259 2990 303 3013 en
324 2981 486 3022 clergrie
503 2979 598 3012 mult
611 2980 812 3021 suffissant‚
824 2988 870 3012 en
884 2979 981 3012 cheli
1000 2979 1074 3012 lieu
1094 2988 1244 3021 propre,
1258 2987 1328 3019 que
1343 2988 1409 3011 ons
1423 2987 1508 3010 nom
1531 2978 1736 3021 Margarite
1750 2978 1877 3019 Porte,
