<?xml version="1.0" encoding="UTF-8"?>
<!DOCTYPE html PUBLIC "-//W3C//DTD XHTML 1.0 Transitional//EN"
    "http://www.w3.org/TR/xhtml1/DTD/xhtml1-transitional.dtd">
<html xmlns="http://www.w3.org/1999/xhtml" xml:lang="en" lang="en">
 <head>
  <title>
</title>
<meta http-equiv="Content-Type" content="text/html;charset=utf-8" />
  <meta name='ocr-system' content='tesseract 3.04.00' />
  <meta name='ocr-capabilities' content='ocr_page ocr_carea ocr_par ocr_line ocrx_word'/>
</head>
<body>
  <div class='ocr_page' id='page_1' title='image "./corpusdocumentor02fruoft_0173.png"; bbox 0 0 2050 3470; ppageno 0'>
   <div class='ocr_carea' id='block_1_1' title="bbox 858 231 1793 268">
    <p class='ocr_par' dir='ltr' id='par_1_1' title="bbox 858 231 1793 268">
     <span class='ocr_line' id='line_1_1' title="bbox 858 231 1793 268; baseline 0.003 -3"><span class='ocrx_word' id='word_1_1' title='bbox 858 232 995 266; x_wconf 92' lang='lat' dir='ltr'><strong>ANNO</strong></span> <span class='ocrx_word' id='word_1_2' title='bbox 1023 231 1106 264; x_wconf 76' lang='lat'><strong>1355</strong></span> <span class='ocrx_word' id='word_1_3' title='bbox 1732 235 1793 268; x_wconf 83' lang='lat'>143</span> 
     </span>
    </p>
   </div>
   <div class='ocr_carea' id='block_1_2' title="bbox 143 342 1791 954">
    <p class='ocr_par' dir='ltr' id='par_1_2' title="bbox 143 342 1791 954">
     <span class='ocr_line' id='line_1_2' title="bbox 150 342 1790 401; baseline 0.001 -14"><span class='ocrx_word' id='word_1_4' title='bbox 150 357 379 401; x_wconf 85' lang='lat' dir='ltr'>gevangen</span> <span class='ocrx_word' id='word_1_5' title='bbox 413 346 556 400; x_wconf 88' lang='lat' dir='ltr'>gezet.</span> <span class='ocrx_word' id='word_1_6' title='bbox 591 342 641 384; x_wconf 91' lang='lat' dir='ltr'>In</span> <span class='ocrx_word' id='word_1_7' title='bbox 674 342 1107 399; x_wconf 86' lang='lat' dir='ltr'>tegenwoordigheid</span> <span class='ocrx_word' id='word_1_8' title='bbox 1151 356 1236 386; x_wconf 87' lang='lat' dir='ltr'>van</span> <span class='ocrx_word' id='word_1_9' title='bbox 1281 343 1465 387; x_wconf 84' lang='lat' dir='ltr'>broeder</span> <span class='ocrx_word' id='word_1_10' title='bbox 1510 344 1692 388; x_wconf 89' lang='lat' dir='ltr'>Livinus</span> <span class='ocrx_word' id='word_1_11' title='bbox 1737 346 1790 389; x_wconf 87' lang='lat' dir='ltr'>de</span> 
     </span>
     <span class='ocr_line' id='line_1_3' title="bbox 148 411 1790 468; baseline 0.001 -11"><span class='ocrx_word' id='word_1_12' title='bbox 148 413 307 457; x_wconf 86' lang='lat' dir='ltr'>Sancto</span> <span class='ocrx_word' id='word_1_13' title='bbox 345 414 490 461; x_wconf 84' lang='lat' dir='ltr'>Petro,</span> <span class='ocrx_word' id='word_1_14' title='bbox 526 411 919 467; x_wconf 85' lang='lat' dir='ltr'>plaatsvervanger</span> <span class='ocrx_word' id='word_1_15' title='bbox 951 425 1034 454; x_wconf 90' lang='lat' dir='ltr'>van</span> <span class='ocrx_word' id='word_1_16' title='bbox 1068 411 1151 454; x_wconf 91' lang='lat' dir='ltr'>den</span> <span class='ocrx_word' id='word_1_17' title='bbox 1185 411 1444 468; x_wconf 86' lang='lat' dir='ltr'>inquisiteur</span> <span class='ocrx_word' id='word_1_18' title='bbox 1474 413 1517 456; x_wconf 92' lang='lat' dir='ltr'>in</span> <span class='ocrx_word' id='word_1_19' title='bbox 1551 414 1626 457; x_wconf 90' lang='lat' dir='ltr'>het</span> <span class='ocrx_word' id='word_1_20' title='bbox 1655 415 1790 458; x_wconf 81' lang='lat' dir='ltr'>Door-</span> 
     </span>
     <span class='ocr_line' id='line_1_4' title="bbox 149 480 1785 539; baseline 0.001 -14"><span class='ocrx_word' id='word_1_21' title='bbox 149 482 306 525; x_wconf 86' lang='lat' dir='ltr'>niksch</span> <span class='ocrx_word' id='word_1_22' title='bbox 322 480 502 531; x_wconf 87' lang='lat' dir='ltr'>bisdom,</span> <span class='ocrx_word' id='word_1_23' title='bbox 533 480 652 523; x_wconf 86' lang='lat' dir='ltr'>werd</span> <span class='ocrx_word' id='word_1_24' title='bbox 676 484 804 535; x_wconf 84' lang='lat' dir='ltr'>tegen</span> <span class='ocrx_word' id='word_1_25' title='bbox 824 480 906 523; x_wconf 92' lang='lat' dir='ltr'>den</span> <span class='ocrx_word' id='word_1_26' title='bbox 925 481 1149 537; x_wconf 84' lang='lat' dir='ltr'>schuldige</span> <span class='ocrx_word' id='word_1_27' title='bbox 1173 495 1253 524; x_wconf 92' lang='lat' dir='ltr'>een</span> <span class='ocrx_word' id='word_1_28' title='bbox 1278 482 1439 538; x_wconf 86' lang='lat' dir='ltr'>geding</span> <span class='ocrx_word' id='word_1_29' title='bbox 1463 483 1785 539; x_wconf 86' lang='lat' dir='ltr'>ingespannen.</span> 
     </span>
     <span class='ocr_line' id='line_1_5' title="bbox 147 549 1788 607; baseline 0.001 -13"><span class='ocrx_word' id='word_1_30' title='bbox 147 551 217 595; x_wconf 90' lang='lat' dir='ltr'>Na</span> <span class='ocrx_word' id='word_1_31' title='bbox 233 551 314 594; x_wconf 91' lang='lat' dir='ltr'>den</span> <span class='ocrx_word' id='word_1_32' title='bbox 363 550 466 593; x_wconf 87' lang='lat' dir='ltr'>raad</span> <span class='ocrx_word' id='word_1_33' title='bbox 510 563 595 592; x_wconf 87' lang='lat' dir='ltr'>van</span> <span class='ocrx_word' id='word_1_34' title='bbox 638 550 732 592; x_wconf 90' lang='lat' dir='ltr'>veel</span> <span class='ocrx_word' id='word_1_35' title='bbox 772 549 878 605; x_wconf 85' lang='lat' dir='ltr'>god·</span> <span class='ocrx_word' id='word_1_36' title='bbox 917 563 970 592; x_wconf 90' lang='lat' dir='ltr'>en</span> <span class='ocrx_word' id='word_1_37' title='bbox 995 550 1377 606; x_wconf 83' lang='lat' dir='ltr'>rechtsgeleerden</span> <span class='ocrx_word' id='word_1_38' title='bbox 1413 551 1708 607; x_wconf 83' lang='lat' dir='ltr'>ingewonnen</span> <span class='ocrx_word' id='word_1_39' title='bbox 1744 557 1788 596; x_wconf 90' lang='lat' dir='ltr'>te</span> 
     </span>
     <span class='ocr_line' id='line_1_6' title="bbox 145 618 1791 676; baseline 0.001 -14"><span class='ocrx_word' id='word_1_40' title='bbox 145 619 315 663; x_wconf 86' lang='lat' dir='ltr'>hebben</span> <span class='ocrx_word' id='word_1_41' title='bbox 339 618 460 662; x_wconf 86' lang='lat' dir='ltr'>werd</span> <span class='ocrx_word' id='word_1_42' title='bbox 484 619 560 662; x_wconf 92' lang='lat' dir='ltr'>het</span> <span class='ocrx_word' id='word_1_43' title='bbox 583 619 739 661; x_wconf 90' lang='lat' dir='ltr'>vonnis</span> <span class='ocrx_word' id='word_1_44' title='bbox 774 623 905 674; x_wconf 86' lang='lat' dir='ltr'>tegen</span> <span class='ocrx_word' id='word_1_45' title='bbox 940 619 1072 662; x_wconf 86' lang='lat' dir='ltr'>Jacob</span> <span class='ocrx_word' id='word_1_46' title='bbox 1108 619 1261 663; x_wconf 83' lang='lat' dir='ltr'>Clerici</span> <span class='ocrx_word' id='word_1_47' title='bbox 1303 620 1644 676; x_wconf 83' lang='lat' dir='ltr'>uitgesproken:</span> <span class='ocrx_word' id='word_1_48' title='bbox 1676 623 1791 664; x_wconf 83' lang='lat' dir='ltr'>Daar</span> 
     </span>
     <span class='ocr_line' id='line_1_7' title="bbox 144 687 1785 746; baseline 0.001 -15"><span class='ocrx_word' id='word_1_49' title='bbox 144 689 204 746; x_wconf 89' lang='lat' dir='ltr'>hij</span> <span class='ocrx_word' id='word_1_50' title='bbox 246 689 358 746; x_wconf 88' lang='lat' dir='ltr'>zijne</span> <span class='ocrx_word' id='word_1_51' title='bbox 381 687 557 744; x_wconf 86' lang='lat' dir='ltr'>ketterij</span> <span class='ocrx_word' id='word_1_52' title='bbox 594 687 871 744; x_wconf 83' lang='lat' dir='ltr'>afgezworen</span> <span class='ocrx_word' id='word_1_53' title='bbox 906 687 1023 731; x_wconf 86' lang='lat' dir='ltr'>heeft</span> <span class='ocrx_word' id='word_1_54' title='bbox 1048 702 1100 731; x_wconf 90' lang='lat' dir='ltr'>en</span> <span class='ocrx_word' id='word_1_55' title='bbox 1135 689 1230 732; x_wconf 83' lang='lat' dir='ltr'>zich</span> <span class='ocrx_word' id='word_1_56' title='bbox 1250 693 1338 732; x_wconf 89' lang='lat' dir='ltr'>met</span> <span class='ocrx_word' id='word_1_57' title='bbox 1362 690 1414 732; x_wconf 91' lang='lat' dir='ltr'>de</span> <span class='ocrx_word' id='word_1_58' title='bbox 1438 690 1561 732; x_wconf 88' lang='lat' dir='ltr'>Kerk</span> <span class='ocrx_word' id='word_1_59' title='bbox 1586 691 1785 735; x_wconf 88' lang='lat' dir='ltr'>wenscht</span> 
     </span>
     <span class='ocr_line' id='line_1_8' title="bbox 144 757 1784 815; baseline 0.001 -15"><span class='ocrx_word' id='word_1_60' title='bbox 144 762 189 801; x_wconf 90' lang='lat' dir='ltr'>te</span> <span class='ocrx_word' id='word_1_61' title='bbox 212 771 473 808; x_wconf 86' lang='lat' dir='ltr'>verzoenen,</span> <span class='ocrx_word' id='word_1_62' title='bbox 517 757 660 799; x_wconf 86' lang='lat' dir='ltr'>wordt</span> <span class='ocrx_word' id='word_1_63' title='bbox 699 757 759 814; x_wconf 86' lang='lat' dir='ltr'>hij</span> <span class='ocrx_word' id='word_1_64' title='bbox 806 770 1037 800; x_wconf 87' lang='lat' dir='ltr'>verwezen</span> <span class='ocrx_word' id='word_1_65' title='bbox 1061 761 1129 800; x_wconf 91' lang='lat' dir='ltr'>tot</span> <span class='ocrx_word' id='word_1_66' title='bbox 1152 772 1259 800; x_wconf 89' lang='lat' dir='ltr'>eene</span> <span class='ocrx_word' id='word_1_67' title='bbox 1293 759 1666 815; x_wconf 86' lang='lat' dir='ltr'>gevangenschap</span> <span class='ocrx_word' id='word_1_68' title='bbox 1701 773 1784 802; x_wconf 90' lang='lat' dir='ltr'>van</span> 
     </span>
     <span class='ocr_line' id='line_1_9' title="bbox 143 824 1786 887; baseline 0.001 -17"><span class='ocrx_word' id='word_1_69' title='bbox 143 824 221 870; x_wconf 76' lang='lat' dir='ltr'>een</span> <span class='ocrx_word' id='word_1_70' title='bbox 240 827 342 884; x_wconf 87' lang='lat' dir='ltr'>jaar</span> <span class='ocrx_word' id='word_1_71' title='bbox 363 827 405 869; x_wconf 94' lang='lat' dir='ltr'>in</span> <span class='ocrx_word' id='word_1_72' title='bbox 439 826 522 868; x_wconf 91' lang='lat' dir='ltr'>den</span> <span class='ocrx_word' id='word_1_73' title='bbox 547 825 945 883; x_wconf 86' lang='lat' dir='ltr'>bisschoppelijken</span> <span class='ocrx_word' id='word_1_74' title='bbox 986 827 1148 869; x_wconf 86' lang='lat' dir='ltr'>kerker</span> <span class='ocrx_word' id='word_1_75' title='bbox 1170 841 1225 870; x_wconf 92' lang='lat' dir='ltr'>en</span> <span class='ocrx_word' id='word_1_76' title='bbox 1250 831 1314 870; x_wconf 91' lang='lat' dir='ltr'>tot</span> <span class='ocrx_word' id='word_1_77' title='bbox 1338 828 1388 870; x_wconf 93' lang='lat' dir='ltr'>de</span> <span class='ocrx_word' id='word_1_78' title='bbox 1411 827 1689 887; x_wconf 84' lang='lat' dir='ltr'>verbanning</span> <span class='ocrx_word' id='word_1_79' title='bbox 1722 828 1786 871; x_wconf 90' lang='lat' dir='ltr'>uit</span> 
     </span>
     <span class='ocr_line' id='line_1_10' title="bbox 143 894 1584 954; baseline 0.002 -16"><span class='ocrx_word' id='word_1_80' title='bbox 143 895 219 940; x_wconf 90' lang='lat' dir='ltr'>het</span> <span class='ocrx_word' id='word_1_81' title='bbox 243 895 409 939; x_wconf 90' lang='lat' dir='ltr'>bisdom</span> <span class='ocrx_word' id='word_1_82' title='bbox 431 894 639 946; x_wconf 86' lang='lat' dir='ltr'>Doornik‚</span> <span class='ocrx_word' id='word_1_83' title='bbox 665 908 718 951; x_wconf 91' lang='lat' dir='ltr'>op</span> <span class='ocrx_word' id='word_1_84' title='bbox 748 894 864 938; x_wconf 85' lang='lat' dir='ltr'>straf</span> <span class='ocrx_word' id='word_1_85' title='bbox 883 909 965 938; x_wconf 89' lang='lat' dir='ltr'>van</span> <span class='ocrx_word' id='word_1_86' title='bbox 989 895 1273 953; x_wconf 86' lang='lat' dir='ltr'>levenslange</span> <span class='ocrx_word' id='word_1_87' title='bbox 1296 897 1584 954; x_wconf 74' lang='lat' dir='ltr'>gevangeniS.</span> 
     </span>
    </p>
   </div>
   <div class='ocr_carea' id='block_1_3' title="bbox 357 1044 1557 1089">
    <p class='ocr_par' dir='ltr' id='par_1_3' title="bbox 357 1044 1557 1089">
     <span class='ocr_line' id='line_1_11' title="bbox 357 1044 1557 1089; baseline 0.003 -12"><span class='ocrx_word' id='word_1_88' title='bbox 357 1044 549 1077; x_wconf 79' lang='lat' dir='ltr'>Sentencia</span> <span class='ocrx_word' id='word_1_89' title='bbox 573 1049 703 1078; x_wconf 77' lang='lat' dir='ltr'>contra</span> <span class='ocrx_word' id='word_1_90' title='bbox 725 1044 907 1078; x_wconf 78' lang='lat' dir='ltr'>Jacobum</span> <span class='ocrx_word' id='word_1_91' title='bbox 934 1044 1066 1078; x_wconf 80' lang='lat' dir='ltr'>Clerici</span> <span class='ocrx_word' id='word_1_92' title='bbox 1086 1055 1154 1088; x_wconf 81' lang='lat' dir='ltr'>pro</span> <span class='ocrx_word' id='word_1_93' title='bbox 1177 1047 1383 1089; x_wconf 76' lang='lat' dir='ltr'>suspicione</span> <span class='ocrx_word' id='word_1_94' title='bbox 1407 1045 1557 1081; x_wconf 76' lang='lat' dir='ltr'>heresis.</span> 
     </span>
    </p>
   </div>
   <div class='ocr_carea' id='block_1_4' title="bbox 121 1155 1782 2418">
    <p class='ocr_par' dir='ltr' id='par_1_4' title="bbox 136 1155 1777 1254">
     <span class='ocr_line' id='line_1_12' title="bbox 182 1155 1777 1201; baseline 0.003 -11"><span class='ocrx_word' id='word_1_95' title='bbox 182 1156 376 1190; x_wconf 80' lang='lat' dir='ltr'>Universis</span> <span class='ocrx_word' id='word_1_96' title='bbox 392 1158 587 1198; x_wconf 82' lang='lat' dir='ltr'>presentes</span> <span class='ocrx_word' id='word_1_97' title='bbox 605 1155 752 1189; x_wconf 78' lang='lat' dir='ltr'>litteras</span> <span class='ocrx_word' id='word_1_98' title='bbox 776 1157 1003 1198; x_wconf 86' lang='lat' dir='ltr'>inspecturis</span> <span class='ocrx_word' id='word_1_99' title='bbox 1032 1156 1245 1199; x_wconf 85' lang='lat' dir='ltr'>Philippus,</span> <span class='ocrx_word' id='word_1_100' title='bbox 1266 1159 1333 1191; x_wconf 89' lang='lat' dir='ltr'>Dei</span> <span class='ocrx_word' id='word_1_101' title='bbox 1366 1160 1498 1201; x_wconf 81' lang='lat' dir='ltr'>gracia</span> <span class='ocrx_word' id='word_1_102' title='bbox 1527 1161 1777 1194; x_wconf 88' lang='lat' dir='ltr'>Tornacensis</span> 
     </span>
     <span class='ocr_line' id='line_1_13' title="bbox 136 1211 776 1254; baseline -0.002 -10"><span class='ocrx_word' id='word_1_103' title='bbox 136 1211 346 1254; x_wconf 86' lang='lat' dir='ltr'>episcopus,</span> <span class='ocrx_word' id='word_1_104' title='bbox 372 1211 533 1244; x_wconf 89' lang='lat' dir='ltr'>salutem</span> <span class='ocrx_word' id='word_1_105' title='bbox 550 1212 588 1244; x_wconf 90' lang='lat' dir='ltr'>in</span> <span class='ocrx_word' id='word_1_106' title='bbox 602 1211 776 1244; x_wconf 87' lang='lat' dir='ltr'>Domino.</span> 
     </span>
    </p>

    <p class='ocr_par' dir='ltr' id='par_1_5' title="bbox 127 1266 1782 1696">
     <span class='ocr_line' id='line_1_14' title="bbox 180 1266 1782 1314; baseline 0.004 -15"><span class='ocrx_word' id='word_1_107' title='bbox 180 1267 383 1306; x_wconf 82' lang='lat' dir='ltr'>NoveritiS,</span> <span class='ocrx_word' id='word_1_108' title='bbox 401 1266 514 1308; x_wconf 87' lang='lat' dir='ltr'>quod,</span> <span class='ocrx_word' id='word_1_109' title='bbox 546 1276 630 1299; x_wconf 88' lang='lat' dir='ltr'>cum</span> <span class='ocrx_word' id='word_1_110' title='bbox 657 1276 723 1299; x_wconf 91' lang='lat' dir='ltr'>nos</span> <span class='ocrx_word' id='word_1_111' title='bbox 753 1267 939 1299; x_wconf 78' lang='lat' dir='ltr'>Jacobum</span> <span class='ocrx_word' id='word_1_112' title='bbox 971 1267 1108 1299; x_wconf 81' lang='lat' dir='ltr'>Clerici</span> <span class='ocrx_word' id='word_1_113' title='bbox 1140 1269 1177 1300; x_wconf 87' lang='lat' dir='ltr'>in</span> <span class='ocrx_word' id='word_1_114' title='bbox 1197 1270 1325 1302; x_wconf 83' lang='lat' dir='ltr'>nostra</span> <span class='ocrx_word' id='word_1_115' title='bbox 1343 1270 1587 1304; x_wconf 87' lang='lat' dir='ltr'>detenuimus</span> <span class='ocrx_word' id='word_1_116' title='bbox 1611 1273 1782 1314; x_wconf 88' lang='lat' dir='ltr'>prisonia</span> 
     </span>
     <span class='ocr_line' id='line_1_15' title="bbox 134 1321 1781 1369; baseline 0.004 -15"><span class='ocrx_word' id='word_1_117' title='bbox 134 1322 389 1363; x_wconf 84' lang='lat' dir='ltr'>mancipatum</span> <span class='ocrx_word' id='word_1_118' title='bbox 402 1323 617 1364; x_wconf 87' lang='lat' dir='ltr'>suspectum</span> <span class='ocrx_word' id='word_1_119' title='bbox 634 1322 679 1354; x_wconf 90' lang='lat' dir='ltr'>de</span> <span class='ocrx_word' id='word_1_120' title='bbox 698 1321 823 1354; x_wconf 90' lang='lat' dir='ltr'>heresi</span> <span class='ocrx_word' id='word_1_121' title='bbox 840 1331 907 1363; x_wconf 86' lang='lat' dir='ltr'>pro</span> <span class='ocrx_word' id='word_1_122' title='bbox 926 1331 970 1354; x_wconf 89' lang='lat' dir='ltr'>eo</span> <span class='ocrx_word' id='word_1_123' title='bbox 988 1322 1087 1363; x_wconf 84' lang='lat' dir='ltr'>quod</span> <span class='ocrx_word' id='word_1_124' title='bbox 1100 1323 1171 1355; x_wconf 90' lang='lat' dir='ltr'>sibi</span> <span class='ocrx_word' id='word_1_125' title='bbox 1196 1324 1476 1366; x_wconf 78' lang='lat' dir='ltr'>imponebatur,</span> <span class='ocrx_word' id='word_1_126' title='bbox 1496 1328 1595 1367; x_wconf 86' lang='lat' dir='ltr'>quod</span> <span class='ocrx_word' id='word_1_127' title='bbox 1613 1329 1781 1369; x_wconf 82' lang='lat' dir='ltr'>pertina-</span> 
     </span>
     <span class='ocr_line' id='line_1_16' title="bbox 133 1378 1777 1423; baseline 0.004 -13"><span class='ocrx_word' id='word_1_128' title='bbox 133 1378 228 1411; x_wconf 92' lang='lat' dir='ltr'>citer</span> <span class='ocrx_word' id='word_1_129' title='bbox 241 1380 278 1411; x_wconf 91' lang='lat' dir='ltr'>et</span> <span class='ocrx_word' id='word_1_130' title='bbox 291 1378 471 1411; x_wconf 81' lang='lat' dir='ltr'>assertive</span> <span class='ocrx_word' id='word_1_131' title='bbox 485 1378 634 1410; x_wconf 80' lang='lat' dir='ltr'>dixerat</span> <span class='ocrx_word' id='word_1_132' title='bbox 651 1379 689 1410; x_wconf 89' lang='lat' dir='ltr'>et</span> <span class='ocrx_word' id='word_1_133' title='bbox 705 1379 892 1416; x_wconf 87' lang='lat' dir='ltr'>tenuerat,</span> <span class='ocrx_word' id='word_1_134' title='bbox 912 1378 1010 1418; x_wconf 88' lang='lat' dir='ltr'>quod</span> <span class='ocrx_word' id='word_1_135' title='bbox 1033 1379 1152 1410; x_wconf 85' lang='lat' dir='ltr'>sancti</span> <span class='ocrx_word' id='word_1_136' title='bbox 1172 1388 1244 1411; x_wconf 89' lang='lat' dir='ltr'>non</span> <span class='ocrx_word' id='word_1_137' title='bbox 1261 1379 1390 1412; x_wconf 87' lang='lat' dir='ltr'>volunt</span> <span class='ocrx_word' id='word_1_138' title='bbox 1410 1390 1478 1413; x_wconf 88' lang='lat' dir='ltr'>nec</span> <span class='ocrx_word' id='word_1_139' title='bbox 1492 1385 1650 1423; x_wconf 85' lang='lat' dir='ltr'>possunt</span> <span class='ocrx_word' id='word_1_140' title='bbox 1667 1392 1777 1416; x_wconf 87' lang='lat' dir='ltr'>orare</span> 
     </span>
     <span class='ocr_line' id='line_1_17' title="bbox 133 1432 1779 1479; baseline 0.005 -16"><span class='ocrx_word' id='word_1_141' title='bbox 133 1441 202 1474; x_wconf 89' lang='lat' dir='ltr'>pro</span> <span class='ocrx_word' id='word_1_142' title='bbox 219 1432 339 1471; x_wconf 90' lang='lat' dir='ltr'>nobis,</span> <span class='ocrx_word' id='word_1_143' title='bbox 358 1433 684 1474; x_wconf 85' lang='lat' dir='ltr'>processimusquc</span> <span class='ocrx_word' id='word_1_144' title='bbox 703 1434 835 1464; x_wconf 87' lang='lat' dir='ltr'>contra</span> <span class='ocrx_word' id='word_1_145' title='bbox 852 1441 938 1464; x_wconf 88' lang='lat' dir='ltr'>eum</span> <span class='ocrx_word' id='word_1_146' title='bbox 960 1441 1074 1474; x_wconf 87' lang='lat' dir='ltr'>super</span> <span class='ocrx_word' id='word_1_147' title='bbox 1086 1434 1280 1474; x_wconf 87' lang='lat' dir='ltr'>premissis</span> <span class='ocrx_word' id='word_1_148' title='bbox 1297 1437 1408 1476; x_wconf 89' lang='lat' dir='ltr'>prout</span> <span class='ocrx_word' id='word_1_149' title='bbox 1424 1436 1510 1476; x_wconf 89' lang='lat' dir='ltr'>jura</span> <span class='ocrx_word' id='word_1_150' title='bbox 1534 1436 1677 1477; x_wconf 89' lang='lat' dir='ltr'>volunt,</span> <span class='ocrx_word' id='word_1_151' title='bbox 1696 1447 1779 1479; x_wconf 89' lang='lat' dir='ltr'>pre-</span> 
     </span>
     <span class='ocr_line' id='line_1_18' title="bbox 132 1487 1775 1530; baseline 0.004 -10"><span class='ocrx_word' id='word_1_152' title='bbox 132 1489 238 1521; x_wconf 85' lang='lat' dir='ltr'>sente</span> <span class='ocrx_word' id='word_1_153' title='bbox 255 1487 464 1520; x_wconf 88' lang='lat' dir='ltr'>venerabili</span> <span class='ocrx_word' id='word_1_154' title='bbox 481 1489 518 1521; x_wconf 92' lang='lat' dir='ltr'>et</span> <span class='ocrx_word' id='word_1_155' title='bbox 531 1487 712 1530; x_wconf 85' lang='lat' dir='ltr'>religioso</span> <span class='ocrx_word' id='word_1_156' title='bbox 730 1488 810 1519; x_wconf 83' lang='lat' dir='ltr'>viro</span> <span class='ocrx_word' id='word_1_157' title='bbox 827 1488 946 1520; x_wconf 83' lang='lat' dir='ltr'>fratre</span> <span class='ocrx_word' id='word_1_158' title='bbox 965 1488 1096 1520; x_wconf 88' lang='lat' dir='ltr'>Livino</span> <span class='ocrx_word' id='word_1_159' title='bbox 1122 1488 1167 1520; x_wconf 89' lang='lat' dir='ltr'>de</span> <span class='ocrx_word' id='word_1_160' title='bbox 1186 1487 1321 1522; x_wconf 83' lang='lat' dir='ltr'>Sancto</span> <span class='ocrx_word' id='word_1_161' title='bbox 1350 1490 1474 1530; x_wconf 75' lang='lat' dir='ltr'>Petro,</span> <span class='ocrx_word' id='word_1_162' title='bbox 1494 1491 1775 1527; x_wconf 88' lang='lat' dir='ltr'>locumtenente</span> 
     </span>
     <span class='ocr_line' id='line_1_19' title="bbox 131 1543 1776 1585; baseline 0.004 -10"><span class='ocrx_word' id='word_1_163' title='bbox 131 1543 367 1584; x_wconf 85' lang='lat' dir='ltr'>inquisitoris</span> <span class='ocrx_word' id='word_1_164' title='bbox 383 1543 551 1576; x_wconf 89' lang='lat' dir='ltr'>heretice</span> <span class='ocrx_word' id='word_1_165' title='bbox 568 1543 765 1585; x_wconf 87' lang='lat' dir='ltr'>pravitatis</span> <span class='ocrx_word' id='word_1_166' title='bbox 782 1543 820 1574; x_wconf 91' lang='lat' dir='ltr'>in</span> <span class='ocrx_word' id='word_1_167' title='bbox 838 1543 976 1575; x_wconf 90' lang='lat' dir='ltr'>nostris</span> <span class='ocrx_word' id='word_1_168' title='bbox 993 1543 1145 1576; x_wconf 90' lang='lat' dir='ltr'>civitate</span> <span class='ocrx_word' id='word_1_169' title='bbox 1164 1545 1201 1576; x_wconf 88' lang='lat' dir='ltr'>et</span> <span class='ocrx_word' id='word_1_170' title='bbox 1217 1545 1382 1585; x_wconf 75' lang='lat' dir='ltr'>dyocesi,</span> <span class='ocrx_word' id='word_1_171' title='bbox 1403 1547 1577 1579; x_wconf 88' lang='lat' dir='ltr'>omnibus</span> <span class='ocrx_word' id='word_1_172' title='bbox 1590 1548 1663 1581; x_wconf 91' lang='lat' dir='ltr'>rite</span> <span class='ocrx_word' id='word_1_173' title='bbox 1682 1550 1776 1582; x_wconf 86' lang='lat' dir='ltr'>actis</span> 
     </span>
     <span class='ocr_line' id='line_1_20' title="bbox 130 1598 1774 1646; baseline 0.004 -16"><span class='ocrx_word' id='word_1_174' title='bbox 130 1607 173 1631; x_wconf 91' lang='lat' dir='ltr'>ac</span> <span class='ocrx_word' id='word_1_175' title='bbox 190 1598 357 1640; x_wconf 91' lang='lat' dir='ltr'>plurium</span> <span class='ocrx_word' id='word_1_176' title='bbox 370 1598 637 1641; x_wconf 82' lang='lat' dir='ltr'>religiosorum</span> <span class='ocrx_word' id='word_1_177' title='bbox 654 1600 692 1631; x_wconf 88' lang='lat' dir='ltr'>et</span> <span class='ocrx_word' id='word_1_178' title='bbox 706 1599 1014 1640; x_wconf 75' lang='lat' dir='ltr'>J&#39;urispcritorum</span> <span class='ocrx_word' id='word_1_179' title='bbox 1027 1600 1302 1632; x_wconf 87' lang='lat' dir='ltr'>communicato</span> <span class='ocrx_word' id='word_1_180' title='bbox 1317 1601 1488 1641; x_wconf 88' lang='lat' dir='ltr'>consilio,</span> <span class='ocrx_word' id='word_1_181' title='bbox 1507 1605 1639 1636; x_wconf 86' lang='lat' dir='ltr'>contra</span> <span class='ocrx_word' id='word_1_182' title='bbox 1652 1604 1774 1646; x_wconf 90' lang='lat' dir='ltr'>ipsum</span> 
     </span>
     <span class='ocr_line' id='line_1_21' title="bbox 127 1652 1610 1696; baseline 0.004 -10"><span class='ocrx_word' id='word_1_183' title='bbox 127 1652 312 1686; x_wconf 79' lang='lat' dir='ltr'>Jacobum</span> <span class='ocrx_word' id='word_1_184' title='bbox 330 1655 498 1687; x_wconf 88' lang='lat' dir='ltr'>nostram</span> <span class='ocrx_word' id='word_1_185' title='bbox 515 1654 742 1687; x_wconf 86' lang='lat' dir='ltr'>sententiam</span> <span class='ocrx_word' id='word_1_186' title='bbox 759 1654 997 1686; x_wconf 76' lang='lat' dir='ltr'>diffinitivam</span> <span class='ocrx_word' id='word_1_187' title='bbox 1014 1656 1248 1696; x_wconf 73' lang='lat' dir='ltr'>proferimus</span> <span class='ocrx_word' id='word_1_188' title='bbox 1263 1657 1301 1689; x_wconf 92' lang='lat' dir='ltr'>in</span> <span class='ocrx_word' id='word_1_189' title='bbox 1320 1656 1419 1690; x_wconf 92' lang='lat' dir='ltr'>hunc</span> <span class='ocrx_word' id='word_1_190' title='bbox 1434 1659 1586 1692; x_wconf 91' lang='lat' dir='ltr'>modum</span> <span class='ocrx_word' id='word_1_191' title='bbox 1602 1669 1610 1691; x_wconf 75' lang='grc' dir='ltr'><strong><em>ε</em></strong></span> 
     </span>
    </p>

    <p class='ocr_par' dir='ltr' id='par_1_6' title="bbox 121 1707 1777 2359">
     <span class='ocr_line' id='line_1_22' title="bbox 172 1707 1775 1756; baseline 0.005 -16"><span class='ocrx_word' id='word_1_192' title='bbox 172 1707 269 1747; x_wconf 87' lang='lat' dir='ltr'>Quia</span> <span class='ocrx_word' id='word_1_193' title='bbox 292 1710 342 1748; x_wconf 87' lang='lat' dir='ltr'>te,</span> <span class='ocrx_word' id='word_1_194' title='bbox 359 1709 544 1742; x_wconf 81' lang='lat' dir='ltr'>Jacobum</span> <span class='ocrx_word' id='word_1_195' title='bbox 560 1708 707 1749; x_wconf 85' lang='lat' dir='ltr'>Clerici,</span> <span class='ocrx_word' id='word_1_196' title='bbox 734 1718 802 1750; x_wconf 89' lang='lat' dir='ltr'>per</span> <span class='ocrx_word' id='word_1_197' title='bbox 818 1709 1061 1751; x_wconf 86' lang='lat' dir='ltr'>probationes</span> <span class='ocrx_word' id='word_1_198' title='bbox 1093 1709 1284 1753; x_wconf 82' lang='lat' dir='ltr'>legitimas</span> <span class='ocrx_word' id='word_1_199' title='bbox 1311 1712 1522 1746; x_wconf 81' lang='lat' dir='ltr'>invenimus</span> <span class='ocrx_word' id='word_1_200' title='bbox 1552 1713 1775 1756; x_wconf 87' lang='lat' dir='ltr'>hereticum,</span> 
     </span>
     <span class='ocr_line' id='line_1_23' title="bbox 127 1764 1777 1810; baseline 0.004 -14"><span class='ocrx_word' id='word_1_201' title='bbox 127 1764 326 1797; x_wconf 87' lang='lat' dir='ltr'>asserendo</span> <span class='ocrx_word' id='word_1_202' title='bbox 345 1764 445 1806; x_wconf 91' lang='lat' dir='ltr'>quod</span> <span class='ocrx_word' id='word_1_203' title='bbox 462 1765 581 1797; x_wconf 90' lang='lat' dir='ltr'>sancti</span> <span class='ocrx_word' id='word_1_204' title='bbox 600 1774 674 1797; x_wconf 91' lang='lat' dir='ltr'>non</span> <span class='ocrx_word' id='word_1_205' title='bbox 691 1767 848 1806; x_wconf 82' lang='lat' dir='ltr'>possunt</span> <span class='ocrx_word' id='word_1_206' title='bbox 876 1773 945 1797; x_wconf 90' lang='lat' dir='ltr'>nec</span> <span class='ocrx_word' id='word_1_207' title='bbox 968 1764 1098 1810; x_wconf 86' lang='lat' dir='ltr'>volunt</span> <span class='ocrx_word' id='word_1_208' title='bbox 1118 1774 1229 1799; x_wconf 85' lang='lat' dir='ltr'>orare</span> <span class='ocrx_word' id='word_1_209' title='bbox 1247 1776 1316 1808; x_wconf 90' lang='lat' dir='ltr'>pro</span> <span class='ocrx_word' id='word_1_210' title='bbox 1346 1768 1477 1809; x_wconf 78' lang='lat' dir='ltr'>nobis3</span> <span class='ocrx_word' id='word_1_211' title='bbox 1508 1778 1607 1802; x_wconf 91' lang='lat' dir='ltr'>nunc</span> <span class='ocrx_word' id='word_1_212' title='bbox 1635 1771 1777 1803; x_wconf 81' lang='lat' dir='ltr'>saniori</span> 
     </span>
     <span class='ocr_line' id='line_1_24' title="bbox 126 1818 1775 1863; baseline 0.004 -12"><span class='ocrx_word' id='word_1_213' title='bbox 126 1828 214 1852; x_wconf 91' lang='lat' dir='ltr'>usus</span> <span class='ocrx_word' id='word_1_214' title='bbox 239 1818 397 1852; x_wconf 89' lang='lat' dir='ltr'>consilio</span> <span class='ocrx_word' id='word_1_215' title='bbox 421 1820 477 1852; x_wconf 90' lang='lat' dir='ltr'>vis</span> <span class='ocrx_word' id='word_1_216' title='bbox 505 1820 551 1852; x_wconf 87' lang='lat' dir='ltr'>ad</span> <span class='ocrx_word' id='word_1_217' title='bbox 568 1820 753 1852; x_wconf 86' lang='lat' dir='ltr'>unitatem</span> <span class='ocrx_word' id='word_1_218' title='bbox 770 1819 954 1860; x_wconf 84' lang='lat' dir='ltr'>Ecclesic,</span> <span class='ocrx_word' id='word_1_219' title='bbox 972 1822 1086 1862; x_wconf 88' lang='lat' dir='ltr'>prout</span> <span class='ocrx_word' id='word_1_220' title='bbox 1113 1822 1266 1863; x_wconf 83' lang='lat' dir='ltr'>asseriS,</span> <span class='ocrx_word' id='word_1_221' title='bbox 1294 1823 1406 1856; x_wconf 90' lang='lat' dir='ltr'>corde</span> <span class='ocrx_word' id='word_1_222' title='bbox 1425 1823 1522 1856; x_wconf 93' lang='lat' dir='ltr'>bono</span> <span class='ocrx_word' id='word_1_223' title='bbox 1547 1826 1585 1856; x_wconf 90' lang='lat' dir='ltr'>et</span> <span class='ocrx_word' id='word_1_224' title='bbox 1610 1825 1683 1858; x_wconf 86' lang='lat' dir='ltr'>fide</span> <span class='ocrx_word' id='word_1_225' title='bbox 1701 1835 1775 1858; x_wconf 92' lang='lat' dir='ltr'>non</span> 
     </span>
     <span class='ocr_line' id='line_1_25' title="bbox 125 1874 1775 1920; baseline 0.005 -14"><span class='ocrx_word' id='word_1_226' title='bbox 125 1874 213 1907; x_wconf 82' lang='lat' dir='ltr'>ficta</span> <span class='ocrx_word' id='word_1_227' title='bbox 240 1874 377 1908; x_wconf 87' lang='lat' dir='ltr'>redire.</span> <span class='ocrx_word' id='word_1_228' title='bbox 405 1875 494 1908; x_wconf 89' lang='lat' dir='ltr'>Ideo</span> <span class='ocrx_word' id='word_1_229' title='bbox 512 1876 561 1915; x_wconf 89' lang='lat' dir='ltr'>te,</span> <span class='ocrx_word' id='word_1_230' title='bbox 596 1876 633 1907; x_wconf 89' lang='lat' dir='ltr'>in</span> <span class='ocrx_word' id='word_1_231' title='bbox 651 1875 783 1917; x_wconf 90' lang='lat' dir='ltr'>primis</span> <span class='ocrx_word' id='word_1_232' title='bbox 812 1875 986 1916; x_wconf 85' lang='lat' dir='ltr'>abjurata</span> <span class='ocrx_word' id='word_1_233' title='bbox 1014 1876 1115 1908; x_wconf 78' lang='lat' dir='ltr'>omni</span> <span class='ocrx_word' id='word_1_234' title='bbox 1142 1875 1311 1910; x_wconf 85' lang='lat' dir='ltr'>heretica</span> <span class='ocrx_word' id='word_1_235' title='bbox 1336 1879 1534 1920; x_wconf 83' lang='lat' dir='ltr'>pravitate,</span> <span class='ocrx_word' id='word_1_236' title='bbox 1568 1881 1775 1914; x_wconf 86' lang='lat' dir='ltr'>secundum</span> 
     </span>
     <span class='ocr_line' id='line_1_26' title="bbox 123 1929 1773 1977; baseline 0.005 -15"><span class='ocrx_word' id='word_1_237' title='bbox 123 1930 286 1962; x_wconf 79' lang='lat' dir='ltr'>formam</span> <span class='ocrx_word' id='word_1_238' title='bbox 303 1929 485 1970; x_wconf 89' lang='lat' dir='ltr'>Ecclesic,</span> <span class='ocrx_word' id='word_1_239' title='bbox 501 1931 546 1963; x_wconf 88' lang='lat' dir='ltr'>ab</span> <span class='ocrx_word' id='word_1_240' title='bbox 561 1930 965 1963; x_wconf 80' lang='lat' dir='ltr'>excommunicationis</span> <span class='ocrx_word' id='word_1_241' title='bbox 982 1930 1195 1974; x_wconf 87' lang='lat' dir='ltr'>vinculis(l)</span> <span class='ocrx_word' id='word_1_242' title='bbox 1212 1933 1348 1973; x_wconf 86' lang='lat' dir='ltr'>quibus</span> <span class='ocrx_word' id='word_1_243' title='bbox 1373 1935 1565 1968; x_wconf 86' lang='lat' dir='ltr'>tenebaris</span> <span class='ocrx_word' id='word_1_244' title='bbox 1583 1936 1773 1977; x_wconf 85' lang='lat' dir='ltr'>astrictus,</span> 
     </span>
     <span class='ocr_line' id='line_1_27' title="bbox 124 1984 1775 2033; baseline 0.005 -16"><span class='ocrx_word' id='word_1_245' title='bbox 124 1984 366 2027; x_wconf 83' lang='lat' dir='ltr'>absolvimus,</span> <span class='ocrx_word' id='word_1_246' title='bbox 394 1986 425 2018; x_wconf 91' lang='lat' dir='ltr'>si</span> <span class='ocrx_word' id='word_1_247' title='bbox 451 1988 577 2018; x_wconf 87' lang='lat' dir='ltr'>tamen</span> <span class='ocrx_word' id='word_1_248' title='bbox 610 1986 655 2018; x_wconf 84' lang='lat' dir='ltr'>ad</span> <span class='ocrx_word' id='word_1_249' title='bbox 694 1995 776 2019; x_wconf 90' lang='lat' dir='ltr'>eam</span> <span class='ocrx_word' id='word_1_250' title='bbox 801 1986 961 2019; x_wconf 86' lang='lat' dir='ltr'>redieris</span> <span class='ocrx_word' id='word_1_251' title='bbox 995 1995 1041 2019; x_wconf 84' lang='lat' dir='ltr'>ex</span> <span class='ocrx_word' id='word_1_252' title='bbox 1066 1987 1178 2020; x_wconf 87' lang='lat' dir='ltr'>corde</span> <span class='ocrx_word' id='word_1_253' title='bbox 1207 1990 1243 2019; x_wconf 90' lang='lat' dir='ltr'>et</span> <span class='ocrx_word' id='word_1_254' title='bbox 1277 1988 1574 2033; x_wconf 78' lang='lat' dir='ltr'>i11J&#39;ungenda(2)</span> <span class='ocrx_word' id='word_1_255' title='bbox 1599 1993 1775 2026; x_wconf 83' lang='lat' dir='ltr'>mandata</span> 
     </span>
     <span class='ocr_line' id='line_1_28' title="bbox 124 2040 1772 2085; baseline 0.005 -13"><span class='ocrx_word' id='word_1_256' title='bbox 124 2041 346 2074; x_wconf 84' lang='lat' dir='ltr'>servaveris.</span> <span class='ocrx_word' id='word_1_257' title='bbox 364 2040 412 2073; x_wconf 90' lang='lat' dir='ltr'>Et</span> <span class='ocrx_word' id='word_1_258' title='bbox 425 2041 514 2083; x_wconf 87' lang='lat' dir='ltr'>quia</span> <span class='ocrx_word' id='word_1_259' title='bbox 530 2042 569 2074; x_wconf 93' lang='lat' dir='ltr'>in</span> <span class='ocrx_word' id='word_1_260' title='bbox 588 2042 709 2074; x_wconf 93' lang='lat' dir='ltr'>Deum</span> <span class='ocrx_word' id='word_1_261' title='bbox 727 2043 764 2073; x_wconf 87' lang='lat' dir='ltr'>et</span> <span class='ocrx_word' id='word_1_262' title='bbox 782 2044 951 2074; x_wconf 84' lang='lat' dir='ltr'>sanctam</span> <span class='ocrx_word' id='word_1_263' title='bbox 974 2041 1185 2074; x_wconf 87' lang='lat' dir='ltr'>Ecclesiam</span> <span class='ocrx_word' id='word_1_264' title='bbox 1199 2044 1308 2075; x_wconf 90' lang='lat' dir='ltr'>modo</span> <span class='ocrx_word' id='word_1_265' title='bbox 1326 2045 1497 2085; x_wconf 89' lang='lat' dir='ltr'>predicto</span> <span class='ocrx_word' id='word_1_266' title='bbox 1511 2047 1655 2080; x_wconf 85' lang='lat' dir='ltr'>temere</span> <span class='ocrx_word' id='word_1_267' title='bbox 1673 2047 1772 2081; x_wconf 87' lang='lat' dir='ltr'>deli-</span> 
     </span>
     <span class='ocr_line' id='line_1_29' title="bbox 124 2095 1770 2141; baseline 0.005 -14"><span class='ocrx_word' id='word_1_268' title='bbox 124 2095 252 2136; x_wconf 83' lang='lat' dir='ltr'>quisti,</span> <span class='ocrx_word' id='word_1_269' title='bbox 271 2095 355 2128; x_wconf 87' lang='lat' dir='ltr'>ideo</span> <span class='ocrx_word' id='word_1_270' title='bbox 373 2104 394 2128; x_wconf 89' lang='lat' dir='ltr'>a</span> <span class='ocrx_word' id='word_1_271' title='bbox 414 2096 566 2129; x_wconf 84' lang='lat' dir='ltr'>civitate</span> <span class='ocrx_word' id='word_1_272' title='bbox 584 2097 622 2128; x_wconf 90' lang='lat' dir='ltr'>et</span> <span class='ocrx_word' id='word_1_273' title='bbox 649 2096 791 2128; x_wconf 88' lang='lat' dir='ltr'>diocesi</span> <span class='ocrx_word' id='word_1_274' title='bbox 826 2096 1128 2129; x_wconf 87' lang='lat' dir='ltr'>Tornacensibus</span> <span class='ocrx_word' id='word_1_275' title='bbox 1146 2098 1213 2129; x_wconf 90' lang='lat' dir='ltr'>sub</span> <span class='ocrx_word' id='word_1_276' title='bbox 1243 2107 1341 2140; x_wconf 88' lang='lat' dir='ltr'>pena</span> <span class='ocrx_word' id='word_1_277' title='bbox 1358 2101 1534 2141; x_wconf 84' lang='lat' dir='ltr'>perpetui</span> <span class='ocrx_word' id='word_1_278' title='bbox 1553 2102 1717 2135; x_wconf 86' lang='lat' dir='ltr'>carceris</span> <span class='ocrx_word' id='word_1_279' title='bbox 1733 2105 1770 2135; x_wconf 89' lang='lat' dir='ltr'>te</span> 
     </span>
     <span class='ocr_line' id='line_1_30' title="bbox 123 2151 1769 2197; baseline 0.005 -15"><span class='ocrx_word' id='word_1_280' title='bbox 123 2152 306 2192; x_wconf 89' lang='lat' dir='ltr'>perpetuo</span> <span class='ocrx_word' id='word_1_281' title='bbox 339 2151 537 2184; x_wconf 88' lang='lat' dir='ltr'>bannimus</span> <span class='ocrx_word' id='word_1_282' title='bbox 568 2153 604 2184; x_wconf 87' lang='lat' dir='ltr'>et</span> <span class='ocrx_word' id='word_1_283' title='bbox 621 2151 667 2183; x_wconf 90' lang='lat' dir='ltr'>ad</span> <span class='ocrx_word' id='word_1_284' title='bbox 691 2151 949 2193; x_wconf 81' lang='lat' dir='ltr'>peragendam</span> <span class='ocrx_word' id='word_1_285' title='bbox 977 2152 1230 2192; x_wconf 84' lang='lat' dir='ltr'>penitentiam</span> <span class='ocrx_word' id='word_1_286' title='bbox 1248 2154 1474 2197; x_wconf 74' lang='lat' dir='ltr'>condignam</span> <span class='ocrx_word' id='word_1_287' title='bbox 1504 2156 1543 2188; x_wconf 89' lang='lat' dir='ltr'>in</span> <span class='ocrx_word' id='word_1_288' title='bbox 1577 2165 1769 2190; x_wconf 86' lang='lat' dir='ltr'>carcerem</span> 
     </span>
     <span class='ocr_line' id='line_1_31' title="bbox 123 2206 1770 2252; baseline 0.004 -14"><span class='ocrx_word' id='word_1_289' title='bbox 123 2207 293 2238; x_wconf 87' lang='lat' dir='ltr'>nostrum</span> <span class='ocrx_word' id='word_1_290' title='bbox 302 2206 347 2250; x_wconf 60' lang='lat'>(3)</span> <span class='ocrx_word' id='word_1_291' title='bbox 378 2208 415 2240; x_wconf 91' lang='lat' dir='ltr'>te</span> <span class='ocrx_word' id='word_1_292' title='bbox 439 2207 586 2240; x_wconf 87' lang='lat' dir='ltr'>detradi</span> <span class='ocrx_word' id='word_1_293' title='bbox 618 2206 789 2239; x_wconf 90' lang='lat' dir='ltr'>volumus</span> <span class='ocrx_word' id='word_1_294' title='bbox 818 2208 855 2239; x_wconf 86' lang='lat' dir='ltr'>et</span> <span class='ocrx_word' id='word_1_295' title='bbox 891 2207 1122 2248; x_wconf 85' lang='lat' dir='ltr'>precipimus</span> <span class='ocrx_word' id='word_1_296' title='bbox 1156 2210 1191 2240; x_wconf 83' lang='lat' dir='ltr'>te</span> <span class='ocrx_word' id='word_1_297' title='bbox 1223 2209 1364 2242; x_wconf 80' lang='lat' dir='ltr'>ibidem</span> <span class='ocrx_word' id='word_1_298' title='bbox 1395 2219 1464 2252; x_wconf 86' lang='lat' dir='ltr'>per</span> <span class='ocrx_word' id='word_1_299' title='bbox 1497 2221 1613 2244; x_wconf 90' lang='lat' dir='ltr'>unum</span> <span class='ocrx_word' id='word_1_300' title='bbox 1631 2220 1770 2245; x_wconf 90' lang='lat' dir='ltr'>annum</span> 
     </span>
     <span class='ocr_line' id='line_1_32' title="bbox 121 2261 1766 2309; baseline 0.004 -16"><span class='ocrx_word' id='word_1_301' title='bbox 121 2261 276 2301; x_wconf 88' lang='lat' dir='ltr'>morari,</span> <span class='ocrx_word' id='word_1_302' title='bbox 295 2261 397 2294; x_wconf 85' lang='lat' dir='ltr'>salva</span> <span class='ocrx_word' id='word_1_303' title='bbox 409 2262 516 2294; x_wconf 89' lang='lat' dir='ltr'>nobis</span> <span class='ocrx_word' id='word_1_304' title='bbox 534 2263 570 2294; x_wconf 87' lang='lat' dir='ltr'>et</span> <span class='ocrx_word' id='word_1_305' title='bbox 588 2263 735 2294; x_wconf 85' lang='lat' dir='ltr'>retenta</span> <span class='ocrx_word' id='word_1_306' title='bbox 751 2263 937 2303; x_wconf 88' lang='lat' dir='ltr'>potestate</span> <span class='ocrx_word' id='word_1_307' title='bbox 955 2262 1080 2294; x_wconf 82' lang='lat' dir='ltr'>onmia</span> <span class='ocrx_word' id='word_1_308' title='bbox 1095 2264 1131 2295; x_wconf 89' lang='lat' dir='ltr'>et</span> <span class='ocrx_word' id='word_1_309' title='bbox 1148 2263 1300 2305; x_wconf 83' lang='lat' dir='ltr'>singula</span> <span class='ocrx_word' id='word_1_310' title='bbox 1325 2266 1542 2306; x_wconf 88' lang='lat' dir='ltr'>supradicta</span> <span class='ocrx_word' id='word_1_311' title='bbox 1566 2266 1766 2309; x_wconf 87' lang='lat' dir='ltr'>mitigandi</span> 
     </span>
     <span class='ocr_line' id='line_1_33' title="bbox 122 2316 1056 2359; baseline -0.001 -9"><span class='ocrx_word' id='word_1_312' title='bbox 122 2318 445 2359; x_wconf 87' lang='lat' dir='ltr'>quotienscunque</span> <span class='ocrx_word' id='word_1_313' title='bbox 463 2317 570 2349; x_wconf 89' lang='lat' dir='ltr'>nobis</span> <span class='ocrx_word' id='word_1_314' title='bbox 588 2317 708 2349; x_wconf 88' lang='lat' dir='ltr'>visum</span> <span class='ocrx_word' id='word_1_315' title='bbox 726 2316 842 2349; x_wconf 82' lang='lat' dir='ltr'>fuerit</span> <span class='ocrx_word' id='word_1_316' title='bbox 859 2316 1056 2358; x_wconf 87' lang='lat' dir='ltr'>expedire.</span> 
     </span>
    </p>

    <p class='ocr_par' dir='ltr' id='par_1_7' title="bbox 167 2371 1767 2418">
     <span class='ocr_line' id='line_1_34' title="bbox 167 2371 1767 2418; baseline 0.003 -13"><span class='ocrx_word' id='word_1_317' title='bbox 167 2373 211 2406; x_wconf 91' lang='lat' dir='ltr'>ln</span> <span class='ocrx_word' id='word_1_318' title='bbox 245 2373 350 2415; x_wconf 83' lang='lat' dir='ltr'>cujus</span> <span class='ocrx_word' id='word_1_319' title='bbox 375 2373 432 2406; x_wconf 89' lang='lat' dir='ltr'>rei</span> <span class='ocrx_word' id='word_1_320' title='bbox 467 2372 723 2405; x_wconf 84' lang='lat' dir='ltr'>testimonium</span> <span class='ocrx_word' id='word_1_321' title='bbox 755 2371 925 2414; x_wconf 88' lang='lat' dir='ltr'>sigillum</span> <span class='ocrx_word' id='word_1_322' title='bbox 957 2373 1129 2405; x_wconf 91' lang='lat' dir='ltr'>nostrum</span> <span class='ocrx_word' id='word_1_323' title='bbox 1161 2375 1400 2415; x_wconf 87' lang='lat' dir='ltr'>presentibus</span> <span class='ocrx_word' id='word_1_324' title='bbox 1434 2375 1610 2409; x_wconf 77' lang='lat' dir='ltr'>duximus</span> <span class='ocrx_word' id='word_1_325' title='bbox 1646 2384 1767 2418; x_wconf 88' lang='lat' dir='ltr'>appo-</span> 
     </span>
    </p>
   </div>
   <div class='ocr_carea' id='block_1_5' title="bbox 122 2428 1765 2526">
    <p class='ocr_par' dir='ltr' id='par_1_8' title="bbox 122 2428 1765 2526">
     <span class='ocr_line' id='line_1_35' title="bbox 122 2428 298 2462; baseline 0 -1"><span class='ocrx_word' id='word_1_326' title='bbox 122 2428 298 2462; x_wconf 89' lang='lat' dir='ltr'>nendum.</span> 
     </span>
     <span class='ocr_line' id='line_1_36' title="bbox 164 2483 1765 2526; baseline 0.002 -9"><span class='ocrx_word' id='word_1_327' title='bbox 164 2484 302 2517; x_wconf 89' lang='lat' dir='ltr'>Datum</span> <span class='ocrx_word' id='word_1_328' title='bbox 324 2485 362 2517; x_wconf 88' lang='lat' dir='ltr'>et</span> <span class='ocrx_word' id='word_1_329' title='bbox 374 2484 499 2517; x_wconf 89' lang='lat' dir='ltr'>actum</span> <span class='ocrx_word' id='word_1_330' title='bbox 513 2483 688 2523; x_wconf 85' lang='lat' dir='ltr'>Tornaci,</span> <span class='ocrx_word' id='word_1_331' title='bbox 703 2483 764 2516; x_wconf 87' lang='lat' dir='ltr'>die</span> <span class='ocrx_word' id='word_1_332' title='bbox 781 2483 843 2524; x_wconf 71' lang='lat' dir='ltr'>iiia</span> <span class='ocrx_word' id='word_1_333' title='bbox 858 2484 998 2517; x_wconf 87' lang='lat' dir='ltr'>mensis</span> <span class='ocrx_word' id='word_1_334' title='bbox 1016 2483 1262 2526; x_wconf 89' lang='lat' dir='ltr'>Septembris,</span> <span class='ocrx_word' id='word_1_335' title='bbox 1281 2495 1378 2519; x_wconf 87' lang='lat' dir='ltr'>anno</span> <span class='ocrx_word' id='word_1_336' title='bbox 1395 2486 1550 2520; x_wconf 85' lang='lat' dir='ltr'>Domini</span> <span class='ocrx_word' id='word_1_337' title='bbox 1563 2487 1765 2522; x_wconf 83' lang='lat' dir='ltr'>millesimo</span> 
     </span>
    </p>
   </div>
   <div class='ocr_carea' id='block_1_6' title="bbox 118 2538 886 2582">
    <p class='ocr_par' dir='ltr' id='par_1_9' title="bbox 118 2538 886 2582">
     <span class='ocr_line' id='line_1_37' title="bbox 118 2538 886 2582; baseline -0.001 -10"><span class='ocrx_word' id='word_1_338' title='bbox 118 2540 384 2573; x_wconf 87' lang='lat' dir='ltr'>trecentesimo</span> <span class='ocrx_word' id='word_1_339' title='bbox 409 2539 723 2582; x_wconf 87' lang='lat' dir='ltr'>quinquagesimo</span> <span class='ocrx_word' id='word_1_340' title='bbox 741 2538 886 2581; x_wconf 90' lang='lat' dir='ltr'>quinto.</span> 
     </span>
    </p>
   </div>
   <div class='ocr_carea' id='block_1_7' title="bbox 466 2621 1761 2720">
    <p class='ocr_par' dir='ltr' id='par_1_10' title="bbox 466 2621 1761 2720">
     <span class='ocr_line' id='line_1_38' title="bbox 466 2621 1761 2667; baseline 0.002 -12"><span class='ocrx_word' id='word_1_341' title='bbox 466 2621 725 2663; x_wconf 79' lang='lat' dir='ltr'>Rijksarchief</span> <span class='ocrx_word' id='word_1_342' title='bbox 740 2631 810 2655; x_wconf 90' lang='lat' dir='ltr'>van</span> <span class='ocrx_word' id='word_1_343' title='bbox 834 2622 1002 2663; x_wconf 88' lang='lat' dir='ltr'>Brussel,</span> <span class='ocrx_word' id='word_1_344' title='bbox 1023 2622 1231 2657; x_wconf 69' lang='lat' dir='ltr'>Cartzclaire</span> <span class='ocrx_word' id='word_1_345' title='bbox 1254 2623 1299 2657; x_wconf 81' lang='lat' dir='ltr'>cle</span> <span class='ocrx_word' id='word_1_346' title='bbox 1323 2623 1478 2659; x_wconf 71' lang='grc' dir='ltr'>ϊέυέοὴέ</span> <span class='ocrx_word' id='word_1_347' title='bbox 1505 2625 1550 2660; x_wconf 86' lang='lat' dir='ltr'>de</span> <span class='ocrx_word' id='word_1_348' title='bbox 1581 2625 1761 2667; x_wconf 82' lang='lat' dir='ltr'>Tournai,</span> 
     </span>
     <span class='ocr_line' id='line_1_39' title="bbox 512 2677 967 2720; baseline 0.004 -11"><span class='ocrx_word' id='word_1_349' title='bbox 512 2680 538 2709; x_wconf 90' lang='lat' dir='ltr'>t.</span> <span class='ocrx_word' id='word_1_350' title='bbox 558 2677 574 2710; x_wconf 94' lang='grc' dir='ltr'>Ι</span> <span class='ocrx_word' id='word_1_351' title='bbox 589 2677 704 2718; x_wconf 78' lang='lat' dir='ltr'>(Man.</span> <span class='ocrx_word' id='word_1_352' title='bbox 723 2677 793 2720; x_wconf 83' lang='lat'>54),</span> <span class='ocrx_word' id='word_1_353' title='bbox 807 2678 872 2711; x_wconf 80' lang='lat' dir='ltr'>fol.</span> <span class='ocrx_word' id='word_1_354' title='bbox 895 2678 967 2712; x_wconf 86' lang='grc'><strong>108.</strong></span> 
     </span>
    </p>
   </div>
   <div class='ocr_carea' id='block_1_8' title="bbox 115 2847 1761 2948">
    <p class='ocr_par' dir='ltr' id='par_1_11' title="bbox 115 2847 1761 2948">
     <span class='ocr_line' id='line_1_40' title="bbox 160 2847 1761 2894; baseline 0.004 -14"><span class='ocrx_word' id='word_1_355' title='bbox 160 2847 207 2889; x_wconf 81' lang='lat' dir='ltr'>(l)</span> <span class='ocrx_word' id='word_1_356' title='bbox 225 2847 419 2882; x_wconf 84' lang='lat' dir='ltr'>Verkeerd</span> <span class='ocrx_word' id='word_1_357' title='bbox 435 2850 532 2882; x_wconf 84' lang='lat' dir='ltr'>staat</span> <span class='ocrx_word' id='word_1_358' title='bbox 555 2847 809 2892; x_wconf 87' lang='lat' dir='ltr'>geschreven:</span> <span class='ocrx_word' id='word_1_359' title='bbox 836 2849 994 2882; x_wconf 74' lang='lat' dir='ltr'>vinczdo.</span> <span class='ocrx_word' id='word_1_360' title='bbox 1018 2868 1055 2872; x_wconf 93' lang='lat'>—</span> <span class='ocrx_word' id='word_1_361' title='bbox 1080 2849 1125 2892; x_wconf 72' lang='lat'>(2)</span> <span class='ocrx_word' id='word_1_362' title='bbox 1150 2850 1343 2883; x_wconf 85' lang='lat' dir='ltr'>Vcrkeerd</span> <span class='ocrx_word' id='word_1_363' title='bbox 1372 2853 1470 2885; x_wconf 87' lang='lat' dir='ltr'>staat</span> <span class='ocrx_word' id='word_1_364' title='bbox 1493 2852 1730 2894; x_wconf 81' lang='lat' dir='ltr'>geschreven</span> <span class='ocrx_word' id='word_1_365' title='bbox 1753 2861 1761 2886; x_wconf 94' lang='lat'><strong>:</strong></span> 
     </span>
     <span class='ocr_line' id='line_1_41' title="bbox 115 2902 1344 2948; baseline 0.003 -14"><span class='ocrx_word' id='word_1_366' title='bbox 115 2902 425 2946; x_wconf 73' lang='lat' dir='ltr'>injunqendatur.</span> <span class='ocrx_word' id='word_1_367' title='bbox 443 2922 483 2929; x_wconf 90' lang='lat'>—</span> <span class='ocrx_word' id='word_1_368' title='bbox 500 2904 547 2947; x_wconf 83' lang='lat'>(3)</span> <span class='ocrx_word' id='word_1_369' title='bbox 567 2903 759 2938; x_wconf 80' lang='lat' dir='ltr'>verkoerd</span> <span class='ocrx_word' id='word_1_370' title='bbox 772 2906 869 2938; x_wconf 85' lang='lat' dir='ltr'>staat</span> <span class='ocrx_word' id='word_1_371' title='bbox 884 2905 1116 2948; x_wconf 73' lang='lat' dir='ltr'>geschmVOn</span> <span class='ocrx_word' id='word_1_372' title='bbox 1132 2915 1140 2938; x_wconf 74' lang='grc' dir='ltr'>ε</span> <span class='ocrx_word' id='word_1_373' title='bbox 1160 2910 1344 2939; x_wconf 78' lang='lat' dir='ltr'>nostram.</span> 
     </span>
    </p>
   </div>
  </div>
 </body>
</html>
