2050 3470
293 281 357 314 266
932 273 1069 309 ANNO
1095 272 1194 313 1460,
1221 271 1305 305 1468

295 388 570 444 verbanning
611 385 817 444 gestraft.
859 386 919 429 De
962 384 1208 441 schepenen
1246 396 1330 427 van
1370 382 1510 441 Rijsel
1548 383 1810 428 verzochten
1842 384 1927 429 den

292 459 552 517 inquisiteur
573 470 659 500 van
682 454 884 507 Atrecht,
911 453 1056 498 Pieter
1093 452 1418 504 Lesbroussart,
1457 456 1501 496 te
1523 452 1842 505 onderzoeken‚
1883 453 1933 497 of

294 544 342 573 er
364 529 407 571 in
433 527 582 570 hunne
605 525 703 568 stad
722 524 815 567 zich
838 537 925 580 nog
948 523 1108 566 andere
1132 521 1404 567 Waldenzen
1424 521 1471 565 of
1487 524 1741 566 tooveraars
1762 521 1925 566 bevon-

295 599 393 651 den,
422 597 465 640 in
488 595 572 638 den
596 594 701 638 aard
725 594 946 649 dergenen
971 592 1038 635 die
1060 595 1103 635 te
1125 591 1314 636 Atrecht
1338 604 1415 634 zoo
1432 591 1586 649 talrijk
1604 604 1772 636 waren.

337 692 392 724 En
411 689 509 729 1460,
527 689 549 721 a
563 687 673 728 Line,
694 686 898 720 Catherine
917 686 1033 719 Patec
1058 686 1116 718 sut
1135 698 1149 715 α
1166 683 1384 718 eschielliee
1409 685 1446 717 et
1462 685 1614 718 mittree
1638 694 1707 727 par
1729 684 1823 718 trois
1839 685 1925 729 fois,

293 747 376 790 puis
393 746 515 787 banye
533 753 554 777 a
569 744 671 776 touts
684 743 790 784 jours
803 741 939 784 parles
957 740 1165 780 eschevins,
1184 740 1248 782 qui
1266 741 1425 773 eubrent
1451 740 1497 773 de
1514 749 1628 783 grans
1652 740 1928 774 consultacions

294 804 331 835 et
347 800 525 843 pcsercnt
542 799 618 831 fort
635 797 673 831 la
689 797 802 830 chose
816 806 913 839 pour
926 796 961 830 16
979 806 1040 829 cas
1054 796 1118 837 qui
1136 796 1249 829 estoit
1261 795 1499 829 abominable
1515 808 1546 837 »‚
1571 796 1609 829 et
1621 795 1685 837 qui
1699 797 1928 839 envoyerent

292 857 357 889 des
374 863 586 897 messagers
604 854 626 886 a
646 852 902 894 l’inquisiteur
917 852 1050 884 Pierre
1068 850 1312 884 Lebloussart
1329 851 1351 883 a
1366 851 1484 883 Arras
1510 863 1523 879 α
1540 859 1636 892 pour
1653 850 1799 893 scavoir
1823 860 1862 884 se
1881 860 1928 884 6η

291 911 392 944 ceste
410 909 499 943 ville
516 909 562 942 de
581 907 678 942 Lille
694 907 846 941 avoicnt
862 916 1004 940 aucuns
1029 906 1093 948 qui
1110 906 1255 939 fussent
1267 905 1500 948 empeschies
1518 906 1567 938 du
1591 905 1662 939 fait
1686 905 1732 939 de
1747 906 1926 940 vanderie

292 975 339 999 ou
357 964 570 1005 sorchenie,
584 972 729 997 comme
746 962 810 1005 ily
827 971 874 996 en
891 962 991 995 avoit
1006 961 1196 1004 plusieurs
1213 970 1260 994 au
1278 961 1354 994 diet
1373 959 1449 994 lieu
1467 960 1630 994 d'Arras.
1648 975 1664 989 n

636 1027 811 1064 Archives
824 1027 1045 1072 historiques
1058 1026 1111 1060 du
1129 1025 1238 1062 Nord
1249 1025 1347 1061 dela
1362 1026 1520 1068 France,
1538 1026 1575 1060 30
1597 1027 1724 1071 reeRs,
1750 1027 1834 1062 deel
1859 1027 1924 1070 VI,

686 1084 758 1117 blz.
783 1083 846 1118 208
872 1083 998 1126 (1857).

937 1226 1040 1270 160
1075 1217 1279 1284 (343bis).
1335 1199 1337 1201 ’

352 1370 473 1421 1468,
499 1366 595 1412 Mei
611 1369 650 1419 8,
688 1367 890 1424 Bruyye.
929 1364 1170 1409 Uittreksel
1213 1364 1276 1409 uit
1321 1364 1373 1408 de
1411 1363 1704 1423 gelijktijdige
1746 1363 1924 1424 kronijk

288 1452 372 1482 van
395 1439 589 1494 Georges
611 1435 863 1481 Chastelain
887 1448 991 1479 over
1014 1435 1066 1478 de
1084 1434 1332 1491 uitsluiting
1357 1433 1419 1478 uit
1452 1434 1504 1476 de
1537 1433 1925 1478 Guldenvliesorde

287 1522 372 1552 van
397 1507 477 1550 den
505 1505 635 1563 graaf
648 1518 732 1550 van
756 1506 940 1555 Nevers,
971 1503 1038 1547 die
1073 1517 1156 1547 van
1197 1502 1403 1560 ongeloof
1431 1502 1596 1547 beticht
1627 1502 1768 1548 werd.
1787 1525 1840 1533 —
1862 1505 1922 1548 De

284 1577 415 1635 graaf
433 1590 518 1620 van
541 1576 726 1627 Nevers,
764 1571 871 1617 voor
893 1574 969 1617 het
990 1572 1177 1630 kapittel
1201 1573 1278 1616 der
1301 1572 1406 1616 orde
1439 1571 1650 1628 gedaagd,
1679 1572 1788 1615 zond
1811 1572 1922 1630 zijne

282 1646 524 1690 ordeketen
549 1648 696 1700 terug,
725 1656 846 1686 maar
869 1642 1110 1686 verscheen
1145 1642 1253 1686 niet.
1289 1641 1357 1698 Hij
1392 1641 1515 1684 werd
1537 1640 1592 1698 bij
1623 1640 1803 1685 verstek
1835 1642 1920 1687 uit-

281 1717 479 1773 gesloten
513 1729 567 1757 en
601 1713 688 1771 ziJn
722 1712 1039 1768 wapenschild,'
1083 1711 1157 1754 dat
1201 1712 1244 1754 in
1289 1711 1342 1754 de
1375 1710 1487 1754 kerk
1530 1710 1652 1767 hing,
1699 1724 1821 1754 waar
1842 1711 1920 1757 het

281 1784 464 1841 kapittel
499 1783 619 1827 werd
642 1782 890 1839 gehouden,
919 1781 1035 1824 werd
1069 1779 1175 1824 door
1207 1794 1288 1823 een
1322 1783 1462 1823 zwart
1493 1778 1600 1822 bord
1643 1793 1917 1838 vervangen,

285 1868 457 1909 waarop
477 1853 528 1896 de
550 1852 766 1895 oorzaken
789 1852 927 1909 zijner
950 1849 1198 1906 uitsluiting
1217 1852 1260 1893 te
1278 1849 1401 1892 lezen
1424 1849 1610 1893 stonden
1631 1861 1641 1892 t
1678 1849 1921 1907 weigering

280 1938 349 1967 om
373 1920 479 1966 νὸὀῐ·
511 1922 562 1965 (16
585 1921 690 1965 orde
712 1925 756 1965 te
781 1919 1061 1978 verschijuen
1097 1933 1152 1963 en
1187 1918 1471 1975 overtreding
1503 1923 1636 1975 tegen
1673 1918 1725 1962 de
1757 1932 1831 1962 eer
1863 1933 1918 1963 en

280 1992 357 2036 het
379 1991 543 2048 geloof.

322 2090 500 2133 Chapitre
517 2089 654 2124 XLIII.
684 2089 873 2124 Commeat
897 2088 930 2122 le
955 2088 1028 2121 duc
1060 2086 1213 2122 Charzes
1237 2088 1307 2121 tint
1329 2096 1373 2121 sa
1406 2087 1551 2130 Toyson
1567 2089 1591 2120 ὰ
1609 2086 1768 2130 Bruqes,
1787 2086 1916 2132 lapre-

278 2147 392 2180 miere
408 2145 537 2189 depuis
554 2144 592 2179 Ζα
611 2149 709 2178 mort
735 2143 780 2178 de
795 2154 863 2178 son
881 2146 983 2188 pere,
1000 2154 1046 2178 en
1063 2142 1199 2187 z’e'yzise
1215 2142 1261 2177 de
1274 2142 1409 2177 Nostre
1433 2142 1564 2176 Dame.
1590 2136 1593 2138 ’

324 2201 376 2234 Le
392 2201 576 2234 huitieme
593 2202 639 2234 de
663 2201 752 2242 mai,
770 2210 838 2243 par
854 2210 905 2233 un
937 2199 1148 2240 dimanehe,
1182 2208 1224 2232 ce
1248 2199 1320 2232 duc
1345 2197 1500 2232 Charles
1524 2198 1597 2231 tint
1624 2199 1671 2231 e'n
1695 2207 1737 2231 sa
1764 2197 1854 2232 ville
1870 2199 1916 2232 de

279 2257 441 2299 Bruges,
458 2265 505 2290 en
533 2255 679 2299 l'eglise
708 2256 754 2290 de
782 2256 1069 2295 Nostre-Dame,
1102 2255 1140 2288 la
1164 2255 1259 2288 feste
1288 2255 1327 2288 et
1353 2254 1391 2287 13
1422 2253 1633 2294 solemnite‚
1667 2253 1704 2287 13
1727 2254 1916 2296 premiere

278 2312 410 2354 depuis
427 2311 464 2344 13
488 2312 588 2344 mort
604 2312 649 2345 de
668 2321 735 2345 son
751 2312 857 2354 pere,
872 2311 918 2344 de
935 2320 1002 2344 son
1019 2311 1131 2344 ordre
1149 2311 1194 2343 de
1213 2310 1251 2344 13
1268 2310 1418 2352 Toyson
1432 2308 1532 2343 d’Or.

322 2421 374 2453 Le
399 2421 521 2453 comte
539 2420 585 2453 de
598 2420 754 2461 Nevers,
775 2421 839 2462 qui
853 2420 965 2452 soloit
978 2420 1081 2453 estre
1099 2420 1146 2452 de
1163 2419 1315 2460 l'ordre‚
1340 2418 1480 2462 icelluy
1506 2427 1575 2461 par
1593 2426 1757 2453 aucunes
1782 2418 1914 2454 lettres

277 2476 324 2509 de
341 2484 515 2509 semonee
532 2476 596 2517 qui
613 2475 666 2508 lui
680 2476 831 2509 avoient
847 2476 926 2509 este
942 2476 1128 2517 envoyees
1145 2475 1191 2508 de
1207 2483 1276 2516 par
1291 2473 1328 2508 16
1342 2473 1526 2516 chapitre‚
1555 2474 1602 2508 de
1626 2474 1734 2508 venir
1749 2483 1913 2517 respon-

276 2532 343 2565 dre
359 2532 382 2564 3
404 2531 594 2573 plusieurs
611 2531 751 2573 grands
768 2532 807 2564 et
833 2530 1043 2563 infamieux
1071 2530 1239 2572 articles,
1264 2529 1366 2563 avoit
1381 2530 1420 2571 ja
1443 2530 1625 2571 paravant
1655 2531 1819 2573 renvoye
1843 2540 1912 2564 son

275 2586 420 2625 collier,
440 2587 478 2619 et
501 2595 556 2626 ce,
575 2595 644 2628 par
659 2595 710 2618 un
728 2586 873 2619 officier
890 2585 1050 2618 d’armes
1067 2586 1105 2618 et
1121 2594 1171 2618 un
1185 2584 1298 2625 clerc,
1317 2593 1419 2618 assez
1435 2585 1748 2618 irreveramment
1764 2585 1907 2620 fondes.

320 2641 437 2681 Donc,
453 2642 475 2673 3
491 2650 602 2674 cause
627 2641 673 2674 de
690 2650 732 2674 ce
757 2642 794 2674 et
811 2642 857 2674 de
881 2650 948 2673 son
973 2640 1092 2682 peche
1120 2641 1277 2682 prouve,
1305 2649 1373 2672 son
1397 2639 1561 2679 tamem,
1603 2640 1626 2672 a
1654 2638 1800 2673 l’heure
1838 2650 1911 2683 que

276 2697 425 2740 Toyson
450 2696 539 2730 d'Or
555 2696 591 2730 16
618 2697 743 2730 devoit
761 2696 916 2738 appeler
932 2696 953 2729 a
970 2696 1179 2735 l'offrande,
1197 2694 1336 2738 icelluy
1354 2694 1621 2737 Toyson—d’Or
1648 2695 1684 2728 le
1709 2695 1784 2729 3113
1807 2695 1911 2730 lever

275 2752 363 2784 hors
389 2753 434 2785 de
458 2762 525 2784 son
550 2751 640 2791 lieu,
670 2751 706 2784 16
730 2761 800 2784 rua
827 2752 848 2784 a
871 2759 928 2784 ses
952 2751 1058 2793 pieds
1077 2753 1114 2784 et
1141 2751 1218 2793 prit
1232 2760 1283 2783 un
1311 2750 1419 2783 autre
1442 2749 1592 2783 tableau
1618 2751 1714 2783 noir.
1734 2751 1788 2784 La
1810 2750 1911 2784 avoit

276 2808 389 2840 escrit
413 2808 554 2840 dedans
572 2807 608 2840 13
624 2807 825 2840 recitation
849 2807 895 2839 de
912 2815 979 2839 son
1004 2815 1089 2839 cas:
1116 2806 1304 2838 comment
1320 2804 1347 2837 il
1366 2805 1466 2838 avoit
1492 2805 1571 2838 este
1587 2813 1737 2839 semons
1754 2805 1908 2839 authen-

274 2862 483 2902 tiquement
498 2873 506 2903 ς
533 2863 722 2895 comment
740 2861 766 2894 il
786 2861 925 2894 n'avoit
938 2861 1051 2894 voulu
1069 2861 1282 2902 comparoir
1298 2869 1394 2902 pour
1409 2860 1616 2901 respondre
1631 2870 1640 2902 ;
1665 2861 1854 2894 comment
1870 2862 1908 2895 et

273 2925 319 2949 en
337 2927 435 2959 quoy
452 2917 479 2950 il
493 2918 593 2951 avoit
610 2918 725 2950 abuse
741 2918 922 2950 encontre
950 2926 1017 2949 son
1045 2916 1218 2949 honneur
1230 2916 1268 2948 et
1280 2916 1460 2948 encontre
1486 2914 1524 2947 13
1540 2915 1686 2958 dignite
1710 2915 1757 2948 de
1780 2915 1818 2948 Ia
1840 2916 1905 2957 foy

273 2970 496 3007 chrestiene.
510 2972 558 3006 Et
574 2971 679 3006 lisoit
690 2972 808 3016 icesty
827 2971 1084 3016 Toyson-d’Or
1099 2972 1200 3006 ceste
1214 2970 1398 3006 escriture
1414 2970 1497 3003 tout
1508 2978 1555 3005 en
1571 2969 1677 3012 haut,
1695 2971 1808 3017 oyant
1820 2970 1903 3006 tout
