2050 3470
816 215 954 249 ANNO
982 215 1064 247 1324
1719 215 1762 245 >25

129 325 296 369 Rogiero
338 325 512 367 Mellerij,
545 325 809 358 archidiacono
836 324 1126 363 constantiensi,
1159 324 1309 356 ‹lomim›
1341 324 1514 356 Johannc
1547 325 1590 356 (le
1616 324 1759 361 Alosto,

128 381 258 414 curato
290 380 449 414 ecclesie
481 381 526 413 de
567 379 759 420 Morsellc,
793 380 1074 413 Cameracensis
1106 379 1290 421 dyocesis,
1320 379 1514 412 Leonardo
1547 379 1593 411 de
1625 378 1760 411 Sancto

128 435 336 478 Nycholao‚
355 435 609 475 Beluacensis‚
628 437 666 469 et
683 435 849 468 Gerardo
869 435 1009 475 Pcstel,
1031 434 1272 468 Beluaccnsis
1289 434 1460 476 ‹lym-esis
1477 434 1638 475 clericis,
1658 434 1760 467 testi-

128 491 196 523 bus
214 491 259 524 ad
274 490 456 532 premissa
473 491 613 523 vocatis
630 490 846 532 specialiter
862 491 900 523 et
917 491 1071 533 rogatis.

170 545 252 588 Ego
269 545 427 588 Egidius
442 545 694 578 Canthckicns
709 546 754 579 de
769 545 930 579 Castello
947 547 983 578 in
998 546 1269 584 CameracesiO,
1283 546 1562 578 Cameracensis
1576 545 1759 587 dyocesis,

127 598 334 642 apostolica
356 601 394 633 et
420 600 611 642 jmperiali
645 601 847 633 autoritate
881 600 1054 643 publicus
1072 599 1238 639 tabellio,
1263 601 1456 642 premissis
1473 601 1578 639 actis,
1596 600 1706 632 dictis
1725 603 1762 633 et

128 655 310 688 ordinatis
334 664 402 697 per
427 657 614 697 prefatum
633 656 883 688 reuerendum
902 658 1043 697 patrem
1071 656 1262 688 dominum
1289 655 1596 689 Cannu-anensem
1621 656 1761 697 episco-

126 720 228 753 pum,
268 712 309 743 ut
340 711 543 752 prefertur,
571 720 645 743 una
680 720 763 744 cum
800 711 959 744 testibus
986 712 1263 753 suprascriptis,
1295 720 1449 752 presens
1473 711 1540 750 fui,
1567 713 1760 751 presentes

126 765 272 799 litteras
289 766 334 799 de
353 766 527 799 mandato
546 766 662 808 ipsius
688 775 754 808 per
772 766 887 799 alium
913 767 1026 799 scribi
1045 767 1130 805 feci,
1162 765 1223 798 hic
1251 776 1309 798 mc
1327 766 1530 808 subscripsi
1556 768 1594 800 ct
1609 768 1759 809 signum

125 829 250 854 meum
277 823 496 854 consuetum
529 830 604 853 una
633 830 718 853 cum
742 830 908 863 appensu
937 821 1053 864 sigillj
1089 821 1177 862 dictj
1214 821 1409 863 reuerendj
1449 821 1566 862 patris
1603 823 1758 864 apposuj

125 877 293 919 rogatus,
313 885 410 909 anno
424 877 461 909 et
477 876 537 909 die
555 876 794 918 supradictis.

475 952 631 986 Archief
655 962 724 986 van
758 954 804 985 de
841 953 1059 986 Conimissie
1089 953 1156 986 der
1187 952 1430 996 Burgerlijke
1463 953 1697 987 Godshuizen
1723 956 1760 987 te

518 1008 669 1042 Brussel
689 1009 739 1041 (in
758 1008 783 1041 't
799 1007 1164 1050 St-Janshospitaal)‚
1180 1008 1314 1041 karton
1329 1009 1404 1047 ⁶262,
1421 1007 1594 1041 asschrift
1618 1018 1664 1051 op
1689 1018 1758 1043 een

516 1062 572 1095 los
585 1072 631 1096 en
646 1063 782 1096 dubbcl
799 1062 885 1096 blad
899 1063 1042 1105 papicr,
1055 1063 1119 1095 fol.
1135 1063 1190 1102 l,1
1208 1072 1315 1096 verso
1330 1072 1376 1096 en
1388 1062 1409 1094 2
1422 1063 1757 1105 (ongenummerd).

516 1117 651 1152 —Ons
683 1118 770 1152 stuk
798 1118 829 1150 is
858 1118 960 1159 bijna
987 1117 1259 1160 gelijkluidend
1279 1120 1354 1151 met
1382 1117 1446 1150 hct
1473 1118 1559 1151 stuk
1585 1128 1654 1152 van
1671 1119 1758 1152 den-

517 1173 662 1207 zelfden
688 1175 815 1207 datum
844 1183 1014 1217 gegeven
1046 1174 1139 1206 door
1163 1174 1382 1207 donzelfden
1417 1174 1590 1217 hisschop
1617 1176 1678 1208 ten
1702 1176 1760 1208 be-

513 1226 632 1260 hoeve
656 1227 724 1260 der
746 1226 1018 1268 Antwerpsche
1036 1226 1232 1268 Begijnen.
1267 1227 1344 1263 (Zic
1370 1225 1510 1270 Corpus
1533 1227 1563 1266 Ι,
1591 1226 1659 1259 blz.
1680 1226 1758 1258 173-

517 1281 591 1322 175,
610 1288 648 1314 nr
665 1281 751 1323 178).
770 1299 814 1306 -
827 1281 882 1323 Op
895 1281 1114 1314 denzelfden
1132 1282 1206 1323 dag
1224 1281 1426 1324 vaardigde
1440 1282 1614 1325 bisschop
1628 1283 1758 1316 Pieter

517 1346 586 1371 een
601 1338 718 1370 ander
734 1337 819 1370 stuk
838 1338 876 1370 te
893 1336 1090 1378 Kamerijk
1115 1337 1183 1376 uit,
1213 1337 1367 1378 waarbij
1388 1337 1438 1379 hij
1458 1338 1553 1379 zijne
1569 1338 1758 1381 goedkeu-

515 1393 603 1435 ring
627 1392 780 1426 hechtte
805 1400 875 1425 aan
897 1391 962 1425 het
979 1391 1189 1434 reglement
1214 1392 1281 1424 der
1305 1391 1549 1426 Brusselsche
1573 1393 1757 1435 Begijnen

512 1447 636 1481 zooals
659 1447 725 1480 het
741 1447 780 1479 in
798 1447 882 1480 1271
900 1447 994 1479 door
1011 1446 1149 1490 hertog
1165 1447 1186 1479 J
1192 1457 1238 1479 an
1256 1446 1273 1479 I
1287 1456 1356 1480 van
1378 1447 1543 1480 Brabant
1556 1456 1631 1480 was
1649 1448 1759 1490 goed-

513 1503 684 1546 gekeurd
709 1502 925 1545 geworden.
951 1501 1143 1545 (Miraeus‚
1177 1501 1296 1545 Opera
1321 1501 1570 1545 diplomatica,
1596 1502 1679 1536 deel
1704 1502 1756 1543 11,

514 1557 583 1590 blz.
610 1556 721 1600 1006).

781 1688 846 1732 52
884 1683 1078 1745 (nster).

179 1834 300 1881 1324,
334 1830 451 1875 Junz·
476 1834 544 1882 22,
583 1830 813 1888 Aviynon.
850 1830 930 1875 Bul
954 1843 1039 1874 van
1062 1831 1286 1875 Johannes
1310 1831 1442 1875 XXII
1464 1834 1530 1876 tot
1561 1831 1643 1876 den
1668 1832 1755 1876 bis-

117 1901 251 1958 schop
283 1915 368 1945 van
401 1901 510 1944 Luik
532 1891 720 1958 gericht',
755 1915 826 1944 om
858 1900 958 1943 hem
991 1904 1035 1944 te
1059 1899 1243 1944 bevelen
1276 1914 1356 1943 een
1378 1900 1623 1944 onderzoek
1646 1902 1689 1945 in
1712 1906 1756 1946 te

117 1970 283 2083 ἱξξὲξῐῐῖιὶ
309 1984 418 2015 naar
439 1971 492 2014 de
514 1969 945 2027 rechtgeloovigheid
968 1984 1021 2013 en
1045 1969 1179 2013 zeden
1212 1969 1290 2013 der
1322 1969 1534 2027 Begijnen
1561 1983 1640 2015 van
1666 1971 1754 2030 zijn

160 2131 353 2166 Johannes
371 2132 582 2174 episcopus,
600 2140 733 2165 seruus
750 2140 950 2165 seruorum
975 2131 1058 2173 Dei,
1089 2132 1297 2166 venerabili
1317 2133 1426 2166 fratri
1451 2133 1628 2176 episcopo
1658 2134 1754 2168 Leo-

118 2187 252 2226 diensi,
267 2186 427 2221 salutem
445 2189 482 2220 et
499 2186 744 2230 apostolicam
759 2187 1072 2220 benedictionem.

162 2242 254 2276 Cum
277 2242 324 2276 de
355 2241 589 2282 mulieribus,
623 2251 696 2284 que
723 2241 896 2285 Beghine
917 2242 1127 2285 vulgariter
1154 2246 1191 2276 et
1216 2244 1450 2276 communius
1476 2246 1752 2286 nuncupantur,

117 2298 217 2331 etc...
237 2297 336 2339 quod
354 2307 427 2330 non
440 2297 717 2338 inchoantibus,
731 2297 797 2331 sed
811 2298 1142 2340 perseuerantibus
1159 2298 1196 2330 in
1215 2299 1537 2333 consummatione
1550 2300 1753 2341 prestatur.

72 2395 79 2401 η
161 2353 217 2387 De
249 2353 384 2395 quibus
417 2362 561 2386 necnon
590 2354 628 2386 et
655 2353 733 2386 vita
757 2354 795 2386 et
815 2354 1103 2386 conuersatione
1128 2353 1295 2395 ipsarum
1313 2354 1533 2395 frequenter
1560 2355 1754 2395 inquirere

115 2407 247 2441 solerti
263 2407 475 2451 diligentia,
494 2417 607 2450 super
623 2417 698 2450 quo
712 2409 815 2442 tuam
833 2417 1034 2442 oneramus
1048 2409 1337 2448 conscienciam,
1352 2418 1425 2442 non
1442 2411 1657 2451 postponas.

161 2463 298 2496 Datum
310 2463 510 2502 Auinione,
529 2463 674 2496 decimo
692 2462 874 2496 kalendas
889 2463 912 2496 J
917 2462 998 2504 ulii,
1026 2463 1268 2505 pontificatus
1287 2463 1404 2496 nostri
1422 2472 1519 2497 anno
1537 2466 1684 2499 octauo.

466 2539 716 2582 Koninklijke
748 2539 990 2574 Bibliotheek
1016 2542 1054 2573 te
1072 2540 1242 2580 BrusseI,
1270 2540 1341 2574 HS.
1369 2542 1526 2583 942-944,
1551 2541 1615 2575 fol.
1645 2542 1684 2574 12
1708 2551 1755 2576 en

510 2603 617 2628 verso
633 2594 972 2638 (ongenummerd).
993 2614 1036 2620 —-
1054 2596 1196 2628 Buiten
1215 2596 1287 2628 den
1306 2596 1578 2640 bijgevoegden
1597 2596 1756 2631 laatsten

508 2649 628 2683 volzin
640 2650 712 2692 (De
737 2651 872 2692 quibus
877 2675 941 2683 .....
972 2650 1188 2693 postponas)
1210 2651 1240 2683 is
1256 2651 1301 2683 de
1319 2651 1419 2684 tckst
1436 2651 1571 2695 geheel
1589 2653 1756 2687 dezelfde

508 2704 563 2738 als
578 2705 639 2738 die
656 2714 727 2738 van
744 2706 791 2739 de
805 2705 867 2739 bul
887 2705 1008 2740 onder
1022 2706 1094 2739 den
1126 2706 1253 2739 datum
1284 2715 1354 2739 van
1379 2705 1422 2739 30
1447 2707 1656 2741 December
1673 2709 1758 2742 1320

506 2759 584 2797 (bul
609 2760 760 2804 gericht
787 2762 842 2793 tot
870 2761 942 2794 den
977 2761 1154 2803 bisschop
1181 2770 1250 2794 van
1277 2761 1472 2803 Doornik),
1496 2763 1533 2796 in
1561 2761 1702 2806 Corpus
1724 2763 1755 2803 1.

510 2815 578 2848 blz.
601 2815 675 2857 170,
695 2815 770 2856 171,
796 2822 834 2849 n¹¹
853 2816 928 2849 175.
957 2816 1042 2858 (Die
1062 2817 1311 2860 bijgevoegde
1324 2816 1444 2850 volzin
1468 2817 1574 2851 duidt
1590 2819 1759 2853 wellicht

509 2879 592 2910 aan,
611 2870 674 2904 dat
697 2871 744 2904 de
768 2879 860 2913 paus
886 2872 982 2913 zijne
1000 2870 1062 2904 bul
1093 2879 1163 2904 van
1193 2871 1282 2905 1320
1309 2871 1527 2914 herhaalde,
1556 2874 1683 2907 omdat
1712 2875 1758 2908 de

513 2926 701 2961 Luiksche
734 2926 908 2970 bisschop
940 2936 982 2961 er
1006 2936 1082 2970 nog
1097 2936 1193 2970 geen
1211 2926 1350 2971 gevolg
1366 2936 1436 2962 aan
1453 2937 1624 2972 gegeven
1642 2929 1715 2963 had
1731 2931 1758 2972 2)
