2050 3470
295 305 358 338 162
951 300 1088 335 ANNO
1115 300 1198 334 1397

288 416 401 450 Recta
422 414 522 448 racio
539 413 584 455 (l)
600 413 701 446 edita
716 411 762 445 ad
779 411 1078 445 declaracionem
1109 411 1267 454 capituli
1294 410 1385 446 Cum
1409 410 1456 445 de
1483 410 1705 456 quibusdam
1729 410 1777 455 (2)
1794 411 1840 445 de
1856 419 1914 446 re.

288 471 350 503 do.
375 470 414 502 in
444 468 514 502 cle.
543 468 639 501 Nam
672 466 840 501 declarat
877 466 1060 509 beghinas
1100 466 1254 499 insimul
1292 466 1520 507 habitantes,
1563 467 1684 500 uitam
1718 466 1915 500 honestam

289 526 477 563 ducentes,
496 522 673 556 ecclesias
701 523 836 555 deuote
860 522 1157 563 frequentantes.
1188 522 1407 565 dyocesanis
1431 521 1600 555 locorum
1627 531 1670 554 ac
1696 520 1916 563 parrochia-

287 579 380 612 lium
397 578 641 612 ecclesiarum
664 577 875 610 rectoribus
898 578 1118 610 reuerenter
1142 577 1361 620 obedientes
1378 577 1445 610 sub
1463 577 1723 619 prohibicione
1745 576 1914 618 predicte

285 634 486 667 Clementis
518 642 591 665 non
621 631 774 664 includi.
805 631 903 664 Huic
932 631 1169 665 Clementine
1202 632 1299 666 bene
1335 632 1514 665 conuenit
1539 632 1638 674 quod
1667 632 1707 664 in
1731 632 1812 665 eius
1837 631 1912 664 fine

284 688 437 731 legitur,
455 688 518 720 ubi
535 686 626 719 dicit
656 684 755 727 quod
782 686 987 728 prohibere
1015 696 1090 719 non
1117 686 1281 719 intendit
1304 687 1408 728 quin,
1433 687 1465 719 si
1481 687 1624 720 fuerint
1642 685 1772 719 fideles
1788 684 1914 727 alique

282 743 470 782 mulieres,
488 742 665 784 poterunt
688 741 728 774 in
754 741 831 774 suis
865 741 1043 783 hospiciis
1071 741 1229 775 honeste
1253 742 1511 775 conuersando
1543 741 1771 784 penitentias
1798 749 1914 783 agere

283 799 322 832 et
351 798 531 831 virtutum
562 795 721 829 Domino
745 795 784 828 in
813 795 1037 829 humilitatis
1076 796 1212 838 spiritu
1237 786 1444 830 deseruire.
1471 796 1685 830 Nouissime
1723 795 1914 829 emanauit

281 852 442 893 quedam
472 851 548 885 alia
571 849 796 884 constitucio
819 852 1073 894 extrauagans
1093 851 1266 894 Gregorij
1288 851 1340 893 xj,
1368 860 1440 893 que
1457 851 1591 894 incipit
1613 851 1672 884 Εοσ
1688 851 1853 884 iniuncto
1866 850 1913 892 (3)

281 907 489 940 attribuens
528 905 822 948 archiepiscopis
855 905 1087 945 Coloniensi,
1122 905 1365 947 Treuerensi,
1392 906 1675 949 Maguntinensi
1707 914 1913 947 eorumque

280 961 529 1004 suffraganeis
569 959 789 993 facultatem
835 960 1054 1003 inquirendi
1097 960 1143 993 de
1179 960 1260 993 uita
1299 962 1337 994 et
1384 961 1678 994 conuersacione
1717 959 1913 993 nonnulla-

282 1025 366 1049 rum
400 1025 647 1058 personarum
690 1016 890 1058 utriusque
929 1025 1042 1049 sexus
1090 1015 1129 1048 in
1177 1024 1309 1048 eorum
1354 1016 1574 1049 ciuitatibus
1611 1017 1649 1049 et
1691 1015 1912 1057 dyocesibus

279 1071 443 1104 inuicem
469 1072 507 1105 in
531 1072 757 1106 humilitatis
781 1072 918 1114 spiritu
945 1070 1142 1104 Altissimo
1170 1070 1366 1104 deseruire
1389 1071 1690 1105 desiderancium
1717 1071 1755 1104 et
1781 1079 1912 1104 conce·

279 1127 391 1160 dendi
430 1127 572 1161 eisdem
609 1127 793 1170 personis,
829 1126 917 1159 dum
948 1126 1075 1159 tamen
1105 1134 1255 1159 errores
1287 1126 1326 1158 in
1350 1126 1423 1159 fide
1456 1136 1530 1159 non
1553 1126 1730 1168 sentiant,
1757 1126 1799 1159 ut
1830 1126 1909 1159 Deo

278 1181 442 1214 inuicem
469 1182 670 1215 seruiendo
707 1182 746 1214 in
778 1181 1004 1223 paupertate
1044 1181 1083 1213 et
1109 1180 1284 1213 castitate
1319 1181 1531 1222 ceterisque
1558 1180 1760 1213 virtutibus
1789 1179 1910 1213 libere

277 1236 495 1269 conuersari
526 1238 564 1270 et
601 1237 748 1270 Christo
787 1235 1032 1269 laudabiliter
1066 1234 1218 1268 valeant
1243 1235 1451 1276 deseruire,
1477 1235 1769 1279 corrigendique
1793 1235 1831 1268 et
1842 1244 1908 1277 pu-

277 1291 406 1324 niendi
432 1301 524 1333 quos
555 1291 764 1334 culpabiles
791 1291 1045 1333 reppererint,
1086 1291 1124 1323 et
1156 1291 1380 1323 innocentes
1417 1291 1584 1331 fauendi‚
1613 1290 1907 1324 contradictores

276 1355 345 1388 per
371 1355 568 1380 censuram
597 1347 893 1380 ecclesiasticam
924 1346 1209 1388 compescendo,
1239 1347 1310 1380 etc.
1344 1346 1392 1379 Et
1415 1346 1446 1378 si
1470 1346 1675 1379 secundum
1698 1345 1908 1379 edicionem

276 1402 353 1443 jam
369 1402 469 1435 dicte
491 1402 779 1435 constitucionis
809 1401 1044 1444 Gregoriane
1073 1402 1191 1434 status
1223 1400 1336 1433 simul
1362 1402 1471 1434 extra
1495 1401 1723 1444 religionem
1737 1399 1908 1433 habitan-

278 1457 377 1489 cium
390 1457 477 1490 etin
494 1458 682 1490 communi
699 1457 914 1490 viuencium
930 1457 1006 1489 tam
1021 1456 1107 1498 Jure
1124 1456 1253 1488 diuino
1272 1465 1385 1498 quam
1408 1456 1589 1489 canonico
1607 1457 1688 1490 erat
1703 1455 1843 1496 licitus,
1868 1455 1908 1489 et

277 1511 398 1545 adhuc
413 1513 525 1552 esset,
554 1513 674 1545 eciam
703 1513 734 1544 si
765 1513 895 1546 eadem
924 1511 1150 1544 constitucio
1180 1511 1282 1544 edita
1314 1521 1390 1544 non
1416 1512 1577 1554 fuisset3
1601 1513 1728 1545 tamen
1751 1510 1907 1553 propter

277 1568 525 1608 quorumdam
549 1569 747 1611 opiniones
772 1568 810 1600 in
838 1567 908 1600 hac
932 1567 1090 1600 materia
1107 1567 1246 1599 diversi
1262 1567 1365 1599 modi
1389 1566 1664 1608 suspirancium
1678 1567 1716 1599 et
1742 1574 1789 1599 ne
1805 1565 1905 1598 dicte

275 1631 460 1664 pauperes
484 1622 567 1665 alijs
590 1624 665 1656 sint
687 1622 783 1664 lapis
808 1622 1026 1655 offensionis
1051 1623 1089 1654 et
1113 1622 1259 1654 occasio
1284 1621 1543 1661 detractionis,
1576 1621 1721 1654 utinam
1754 1620 1786 1653 si
1814 1619 1905 1662 quid

276 1686 447 1719 saperem
465 1679 511 1710 ad
534 1677 680 1711 cautele
709 1678 886 1717 studium,
917 1677 1156 1710 consulerem
1182 1677 1287 1719 ipsis,
1313 1678 1355 1710 ut
1383 1677 1427 1710 ab
1460 1677 1636 1719 episcopo
1670 1675 1904 1709 Traiectensi

276 1732 387 1765 simul
411 1732 606 1766 habitandi
620 1734 657 1765 et
673 1733 712 1765 in
731 1732 920 1764 communi
936 1732 1087 1764 vivendi
1103 1731 1304 1765 licenciam
1321 1732 1496 1765 studeant
1511 1731 1729 1773 impetrare.

319 1788 377 1822 Ad
400 1789 605 1821 secundum
622 1790 660 1821 et
676 1788 837 1821 tercium
862 1788 1021 1828 quesita,
1048 1796 1220 1828 quorum,
1239 1789 1280 1820 ut
1295 1787 1412 1820 michi
1428 1787 1588 1828 videtur,
1613 1795 1689 1820 una
1712 1787 1750 1820 et
1773 1786 1904 1819 eadem

275 1846 399 1888 potest
426 1854 507 1878 esse
536 1845 691 1878 solucio.
719 1845 830 1884 Nam,
856 1844 964 1886 quasi
991 1844 1091 1876 idem
1116 1845 1271 1877 dubium
1295 1845 1469 1887 tangunt,
1502 1845 1614 1877 credo
1643 1843 1742 1885 quod
1764 1835 1841 1876 t'am
1857 1852 1904 1876 ex

276 1901 383 1942 parte
396 1901 631 1942 paciencium
649 1909 762 1942 quam
779 1900 980 1943 agencium
1004 1899 1151 1942 possint
1166 1900 1331 1941 predicti
1348 1900 1521 1933 homines
1537 1900 1583 1933 ab
1600 1899 1765 1932 inuicem
1780 1898 1839 1932 vel
1856 1898 1902 1931 ab

276 1955 464 1997 aliquibus
481 1964 613 1989 eorum
629 1965 758 1988 curam
775 1955 1000 1988 habentibus
1022 1954 1180 1987 consilia
1201 1956 1373 1997 recipere
1390 1956 1428 1989 et
1443 1955 1482 1987 in
1500 1954 1720 1988 obediencia
1735 1953 1903 1987 caritatis

278 2011 518 2052 acquiescere
545 2020 588 2044 ac
612 2011 732 2044 eciam
757 2010 945 2051 aliquibus
969 2009 1139 2043 clauibus
1155 2011 1206 2049 ⁴et
1234 2010 1496 2052 jurisdictione
1513 2011 1727 2044 carentibus
1743 2010 1901 2052 tempta-

277 2065 404 2098 ciones
421 2067 458 2098 et
473 2066 666 2108 passiones
683 2065 807 2098 anime
819 2064 878 2098 vel
896 2074 1070 2098 excessus
1088 2065 1219 2108 gracia
1230 2066 1438 2107 recipiendi
1455 2065 1599 2108 consilij
1626 2073 1826 2108 exponere.
1843 2064 1901 2098 Ex

276 2121 384 2162 parte
400 2121 646 2162 paciencium,
659 2129 745 2153 nam
758 2119 999 2153 laudabiliter
1015 2121 1071 2153 est
1087 2119 1235 2153 cautela
1251 2119 1551 2160 deliberacionis,
1569 2129 1654 2153 cum
1667 2128 1740 2162 qua
1754 2120 1900 2153 tantum

276 2175 378 2208 racio
392 2175 472 2217 agit
488 2176 525 2208 et
537 2176 644 2208 furor
660 2174 776 2207 nichil
790 2175 863 2207 sibi
876 2175 1054 2215 vindicat,
1080 2175 1144 2217 xij.
1163 2185 1199 2216 q.
1218 2176 1257 2208 in
1274 2174 1340 2208 illa
1349 2176 1627 2219 propositorum
1639 2176 1710 2209 etc.
1727 2184 1778 2208 se.
1796 2185 1805 2216 3
1830 2183 1900 2208 nec

275 2231 361 2262 sunt
373 2230 633 2272 precipitanda
648 2230 807 2263 consilia
832 2233 867 2263 et
889 2239 1016 2272 opera.
1043 2230 1231 2272 Tempore
1259 2231 1361 2264 enim
1383 2230 1597 2273 indigemus
1621 2230 1668 2264 ad
1684 2229 1900 2263 deliberan-

275 2286 375 2325 dum,
393 2286 435 2317 ut
458 2286 641 2318 maturius
657 2286 825 2328 agamus.
844 2284 869 2317 l.
896 2285 956 2317 du.
971 2283 1161 2328 ponderet.
1180 2285 1228 2318 Et
1244 2285 1395 2326 quidem
1408 2285 1636 2318 deliberacio
1653 2285 1826 2318 omnibus
1843 2285 1900 2318 est

273 2341 497 2380 necessaria,
530 2349 602 2381 que
629 2341 858 2372 indiscussos
885 2339 1081 2372 hominum
1108 2339 1255 2373 calores
1285 2341 1410 2382 potest
1432 2341 1639 2373 refrenare.
1667 2340 1706 2382 ij.
1735 2349 1771 2382 q.
1796 2340 1845 2382 vj.
1864 2349 1897 2374 c.

273 2395 534 2439 Antiquorum.
554 2395 662 2428 Unde
679 2395 855 2428 Salomon
872 2395 911 2427 in
930 2394 1147 2428 Proverbiis
1163 2405 1170 2427 :
1198 2394 1271 2427 Fili
1285 2395 1349 2435 mi,
1375 2394 1472 2428 habe
1489 2395 1665 2428 fiduciam
1680 2395 1719 2428 in
1736 2395 1897 2428 Domino

273 2451 311 2483 et
334 2458 380 2482 ne
397 2450 570 2483 innitaris
583 2450 787 2492 prudencie
802 2451 877 2483 tue.
895 2450 949 2482 De
967 2450 1145 2482 constitu.
1163 2449 1221 2483 Ne
1236 2450 1421 2482 innitaris.
1444 2450 1542 2482 Hinc
1554 2459 1691 2493 magne
1707 2450 1897 2493 sapiencie

273 2506 329 2537 est
359 2514 427 2547 per
454 2505 652 2537 consilium
682 2505 721 2537 in
748 2504 882 2538 melius
913 2505 1060 2538 mutare
1092 2505 1340 2547 propositum,
1372 2505 1447 2546 xxij
1479 2514 1514 2546 q.
1544 2505 1597 2546 iiij
1630 2504 1768 2547 Mayne
1797 2506 1835 2538 et
1862 2514 1893 2538 c.

271 2557 466 2602 Diffim'cz'o.
479 2559 644 2592 Consilia
657 2568 791 2601 nempe
804 2559 1036 2601 sapiencium
1049 2560 1086 2592 et
1098 2561 1201 2592 recte
1218 2559 1462 2593 suadencium
1479 2559 1716 2601 suscipienda
1731 2560 1829 2600 sunt,
1837 2560 1892 2601 ut,

269 2668 460 2702 Peruenit.
485 2669 626 2702 Graues
642 2670 762 2712 igitur
786 2670 1038 2712 expertosque
1055 2669 1155 2702 viros
1179 2669 1324 2711 consilij
1351 2668 1467 2702 vestri
1484 2669 1664 2702 adhibere
1689 2670 1892 2712 participes

270 2726 307 2758 et
322 2733 406 2757 cum
422 2725 476 2758 eis
489 2725 589 2758 omni
607 2724 885 2759 deliberacione
899 2725 1046 2768 agenda
1061 2725 1231 2767 pensate.
1251 2724 1283 2758 1,
1308 2734 1344 2766 q.
1361 2725 1392 2758 1.
1408 2734 1438 2757 c.
1458 2724 1580 2758 Estote
1595 2725 1635 2758 in
1649 2723 1689 2768 fi.
1715 2725 1772 2759 Ex
1784 2726 1892 2769 parte

309 2887 354 2930 (1)
378 2887 440 2921 Zie
456 2887 660 2922 hierboven
675 2888 757 2930 (blz.
776 2888 843 2930 78),
861 2897 928 2921 ons
952 2888 1039 2922 stuk
1056 2894 1094 2922 nr
1109 2888 1153 2921 47
1170 2889 1318 2931 (174ms).

310 2940 358 2983 (2)
380 2941 443 2973 Zie
457 2940 606 2984 Corpus,
624 2940 707 2974 deel
724 2941 754 2984 Ι,
770 2947 808 2973 nr
825 2940 899 2981 171,
915 2940 985 2973 blz.
1001 2941 1076 2975 166.

307 2994 353 3039 (3)
379 2992 530 3039 Corpus,
546 2995 630 3030 deel
643 2995 675 3038 1,
692 3002 731 3029 nr
746 2995 822 3037 239,
840 2994 909 3029 blz.
925 2996 1002 3030 254.
