2050 3470
269 340 312 372 8‘2
951 341 1089 376 ANNO
1116 341 1201 374 1323

269 448 331 482 lici
357 450 426 482 sibi
446 449 578 482 directi
596 458 681 482 cum
697 448 764 482 illa
790 449 981 483 clausula:
1011 450 1194 489 Quatinus
1218 454 1324 494 parte
1341 452 1399 487 vel
1417 454 1463 487 ab
1489 454 1577 495 etc.,
1597 455 1705 488 nobis
1729 463 1799 498 per
1815 464 1902 490 suas

270 504 398 537 literas
423 505 653 537 commiserit
669 507 850 547 patentes,
877 507 917 538 ut
944 516 1010 539 nos
1033 508 1097 540 aut
1123 508 1196 540 duo
1222 509 1393 542 nostrum
1418 509 1465 542 ad
1487 509 1617 544 villam
1642 511 1688 544 de
1717 510 1899 545 Bruxella

268 559 517 600 personaliter
534 560 753 594 accedentes
771 561 816 594 de
840 561 916 593 vita
936 562 973 594 et
989 562 1155 595 moribus
1178 562 1393 603 mulierum,
1416 573 1488 605 que
1503 562 1672 607 Beghine
1689 565 1900 608 nuncupari

267 614 400 654 solent,
423 623 565 648 necnon
583 614 628 647 de
646 614 728 656 alijs
746 615 784 648 in
801 616 900 648 dicto
918 617 1102 658 rescripto
1119 617 1325 659 apostolico
1339 619 1534 652 contentis
1558 618 1764 662 diligenter
1779 618 1902 660 inqui·

263 679 443 708 reremus,
459 669 622 710 qualiter
635 670 878 711 premittitur,
894 671 1142 711 inquisicione
1159 672 1270 713 facta,
1288 671 1386 712 illas,
1409 681 1481 714 que
1497 673 1669 716 Beghine
1683 675 1827 708 fuerint
1837 673 1898 708 vel

264 726 309 758 de
327 735 423 758 nouo
441 734 521 757 esse
535 724 675 757 vellent
688 726 725 757 et
738 734 829 766 quas
856 725 949 757 bone
966 726 1078 765 fame,
1096 726 1171 759 vite
1195 725 1408 767 laudabilis,
1427 729 1736 762 conuersacionis
1752 729 1896 771 reperi-

263 789 388 813 remus
405 779 574 821 honeste,
592 778 858 812 nichilominus
872 789 943 821 que
961 789 1000 813 se
1017 780 1062 813 de
1079 780 1402 822 disputacionibus
1419 791 1485 815 seu
1500 781 1830 824 predicacionibus
1845 781 1892 814 de

263 836 337 868 fide
362 834 547 868 catholica
570 834 682 867 aliter
706 844 779 867 non
807 834 1052 868 inuoluerunt
1082 845 1150 869 nec
1177 845 1327 870 errores
1359 838 1490 870 contra
1521 837 1633 870 fidem
1664 835 1891 870 catholicam

262 891 554 929 seminauerunt,
573 890 779 931 quinimmo
797 890 1014 923 obedientes
1041 892 1078 923 et
1102 891 1237 925 deuote
1261 891 1420 925 ecclesie
1437 893 1474 925 et
1491 892 1568 925 suis
1584 891 1741 934 prelatis
1757 891 1891 925 extite-

262 948 361 985 runt,
377 948 413 979 et
426 946 626 978 dummodo
640 953 721 978 esse
737 945 855 978 velint
870 945 908 978 in
923 946 1020 978 statu
1034 946 1190 988 pacifico
1205 948 1242 980 et
1254 947 1382 988 quieto
1395 947 1463 980 sub
1477 946 1698 980 obediencia
1709 946 1891 989 magistre

262 1000 319 1034 vel
338 1001 617 1043 magistrarum,
636 1009 727 1041 quas
742 1001 892 1034 nomine
905 1001 1023 1042 ipsius
1039 1002 1241 1043 reuerendi
1254 1002 1293 1034 in
1312 1001 1459 1035 Christo
1473 1002 1591 1044 patris
1608 1002 1892 1035 institueremus

261 1058 299 1089 et
315 1055 543 1099 eligeremus
561 1056 605 1088 ad
619 1055 690 1088 hoc
706 1056 824 1097 aptas,
843 1056 995 1089 idoneas
1015 1058 1053 1089 et
1075 1057 1143 1089 sub
1161 1056 1292 1090 habitu
1311 1056 1471 1090 honesto
1485 1058 1596 1099 prout
1611 1057 1890 1100 consueuerint,

259 1112 519 1153 permittamus
549 1111 708 1144 Domino
733 1111 909 1144 famulari
935 1120 1004 1145 nec
1020 1112 1171 1145 easdem
1185 1112 1226 1153 jn
1254 1113 1425 1154 personis
1449 1113 1487 1145 et
1505 1112 1612 1145 bonis
1627 1112 1889 1154 permittamus

258 1167 303 1199 ab
321 1166 508 1207 aliquibus
521 1165 727 1206 molestari,
742 1168 854 1208 prout
871 1166 940 1199 hec
954 1168 991 1200 et
1008 1166 1083 1199 alia
1093 1167 1134 1209 jn
1151 1167 1335 1210 rescripto
1354 1166 1560 1209 apostolico
1574 1176 1617 1201 ac
1633 1166 1772 1201 litteris
1787 1175 1887 1200 com-

256 1222 455 1254 missorum
473 1222 652 1263 predictis
668 1230 781 1263 super
797 1221 868 1254 hoc
884 1223 1065 1255 confectis
1081 1222 1230 1264 plenius
1247 1223 1489 1256 continentur
1505 1233 1514 1264 ς

300 1277 389 1316 Nos,
416 1277 461 1309 de
492 1277 580 1316 vita,
604 1277 771 1309 moribus
798 1278 835 1310 et
858 1278 1148 1311 conversacione
1180 1277 1365 1311 dictarum
1389 1277 1590 1311 mulierum
1614 1277 1772 1311 honesta
1801 1275 1884 1310 dili-

254 1332 359 1373 genti
391 1331 639 1372 inquisicione
668 1331 964 1365 interuenientes
991 1331 1138 1374 plenius
1162 1332 1369 1373 informati,
1395 1341 1481 1365 nam
1512 1332 1612 1374 ipsas
1636 1331 1816 1365 mulieres
1842 1332 1882 1364 in

255 1385 336 1418 loco
351 1387 388 1418 et
404 1385 578 1419 clausura
593 1395 666 1428 que
678 1386 797 1419 Vinea
810 1388 1047 1429 nuncupatur
1061 1387 1169 1428 juxta
1189 1396 1316 1420 muros
1332 1387 1421 1420 ville
1440 1386 1697 1421 Bruxellensis
1713 1386 1883 1429 predicte

254 1443 540 1481 commorantes,
560 1442 655 1474 bone
670 1442 782 1481 fame,
800 1442 875 1475 vite
892 1441 1092 1475 laudabilis
1109 1443 1147 1475 et
1162 1442 1320 1475 honeste
1336 1442 1640 1475 conuersacionis
1651 1441 1880 1484 jnuenimuS,

253 1498 290 1528 et
307 1496 405 1537 quod
428 1505 467 1529 se
495 1496 633 1529 talibus
663 1496 978 1538 disputationibus
1004 1498 1042 1530 et
1064 1497 1386 1539 predicationibus
1411 1497 1456 1530 de
1489 1497 1562 1531 fide
1594 1496 1782 1530 catholica
1808 1505 1884 1529 non

251 1550 486 1592 J'nuoluerint
510 1560 578 1584 nec
590 1551 788 1585 inuoluere
811 1552 1077 1585 consueuerint
1094 1561 1162 1585 nec
1178 1552 1299 1586 eciam
1315 1561 1465 1586 errores
1482 1553 1613 1586 contra
1628 1552 1742 1585 fidem
1757 1549 1884 1585 catho-

251 1604 363 1638 licam
380 1606 578 1645 seminare,
601 1607 666 1640 sed
683 1607 781 1648 quod
797 1615 946 1649 semper
970 1607 1188 1649 obedientes
1205 1608 1242 1640 et
1258 1608 1394 1640 deuote
1407 1606 1565 1641 ecclesie
1584 1608 1622 1641 et
1633 1607 1710 1640 suis
1722 1605 1881 1649 prelatis

251 1661 458 1693 extiterunt
472 1662 509 1693 et
531 1661 777 1703 imposterum
805 1669 887 1694 esse
911 1660 1056 1701 uolunt,
1089 1661 1188 1703 ipsas
1212 1662 1387 1703 pretextu
1422 1662 1521 1695 dicte
1545 1661 1821 1696 commissionis
1840 1661 1883 1704 jn

249 1716 346 1748 statu
365 1715 519 1757 pacifico
537 1717 575 1748 et
591 1716 718 1757 quieto
735 1717 803 1749 sub
822 1716 1042 1749 obediencia
1065 1717 1348 1759 magistrarum,
1375 1726 1467 1758 quas
1485 1717 1626 1750 ibidem
1647 1717 1881 1759 J'nstituimus

249 1772 287 1802 et
303 1769 488 1813 elegimus
512 1772 663 1804 nomine
684 1771 775 1803 dicti
792 1771 909 1813 patris
926 1772 1127 1805 reuerendi
1145 1772 1190 1804 ad
1207 1771 1279 1804 hoc
1307 1773 1413 1814 aptas
1442 1772 1480 1805 et
1495 1772 1650 1805 idoneas
1667 1772 1735 1804 sub
1752 1771 1880 1805 habitu

247 1824 404 1858 honesto
422 1828 534 1867 prout
546 1826 726 1859 hactenus
742 1828 1032 1867 consueuerunt,
1047 1827 1281 1860 restituimus
1296 1829 1334 1860 et
1346 1827 1516 1869 permitti
1528 1826 1701 1860 volumus
1718 1825 1879 1860 Domino

247 1880 436 1913 famulari.

290 1935 414 1973 Quare
438 1936 542 1968 vobis
560 1937 731 1969 omnibus
749 1938 786 1969 et
809 1936 970 1979 singulis
985 1937 1026 1978 jn
1042 1938 1182 1970 virtute
1211 1938 1345 1970 sancte
1378 1936 1599 1970 obediencie
1629 1937 1668 1970 et
1693 1937 1761 1969 sub
1785 1944 1883 1978 pena

245 1991 500 2032 suspensionis
515 1993 552 2024 et
568 1992 970 2024 excommunicacionis
984 1992 1221 2034 precipimus
1239 1993 1276 2025 et
1295 1992 1530 2032 mandamus,
1544 1992 1721 2034 quatinus
1734 1999 1882 2025 monea-

243 2046 291 2078 tis
309 2056 436 2079 omnes
453 2046 539 2079 illos
564 2049 601 2080 et
618 2047 716 2088 illas,
738 2057 830 2089 quos
848 2047 905 2080 vel
932 2056 1023 2089 quas
1049 2047 1148 2080 lator
1177 2048 1412 2089 presentium
1440 2047 1546 2080 vobis
1570 2047 1779 2080 nominabit
1802 2047 1881 2080 tam

243 2100 477 2143 religisiosos
495 2111 606 2143 quam
619 2102 713 2135 alios
726 2103 994 2144 cuiuscumque
1010 2103 1129 2135 status
1140 2102 1199 2136 vel
1213 2103 1446 2136 condicionis
1460 2103 1636 2142 existant,
1651 2102 1715 2144 qui
1730 2101 1790 2136 vel
1807 2111 1880 2144 que

243 2157 431 2197 predictas
463 2157 641 2191 mulieres
675 2158 715 2199 jn
740 2158 841 2190 dicta
875 2160 980 2191 curte
1005 2158 1050 2190 de
1090 2157 1212 2191 Vinea
1243 2158 1519 2191 commorantes
1554 2166 1619 2191 seu
1653 2157 1879 2191 commorari

243 2211 487 2253 imposterum
511 2212 692 2250 volentes,
709 2214 750 2254 J'n
767 2214 865 2246 statu
891 2214 1047 2255 pacifico
1062 2214 1099 2246 et
1112 2214 1240 2254 quieto
1258 2215 1371 2255 prout
1386 2213 1566 2246 hactenus
1583 2213 1875 2254 consueuerunt,

242 2267 528 2300 molestauerint
543 2268 602 2301 vel
626 2268 867 2310 impedierint
884 2278 949 2301 seu
978 2268 1180 2301 molestare
1204 2268 1262 2302 vel
1287 2269 1474 2310 impedire
1498 2267 1688 2301 voluerint
1710 2268 1776 2300 aut
1790 2276 1877 2310 pro·

241 2323 459 2355 curauerint
475 2331 543 2364 per
560 2332 600 2356 se
624 2323 683 2356 vel
700 2332 769 2365 per
792 2323 907 2356 alium
932 2333 998 2356 seu
1025 2322 1121 2356 alios
1153 2324 1416 2364 quoquomodo
1444 2323 1558 2356 verbo
1586 2320 1674 2366 [vel]
1697 2323 1811 2363 facto,
1835 2322 1878 2355 ut

239 2376 398 2418 jndilate
409 2386 478 2419 per
490 2379 654 2411 vestram
671 2379 918 2412 monitionem
935 2379 980 2411 ab
996 2378 1212 2412 huiusmodi
1227 2378 1510 2420 molestacione‚
1534 2377 1816 2420 jnquietacione
1839 2377 1878 2409 et

240 2433 506 2474 procuratione
523 2435 669 2466 cessent
685 2435 834 2476 penitus
852 2435 889 2467 et
905 2434 1088 2467 desistant
1103 2444 1112 2475 ς
1131 2433 1301 2475 alioquin
1319 2434 1420 2476 ipsos
1434 2433 1781 2473 excommunicetis,
1800 2441 1874 2465 non

240 2498 390 2522 causam
407 2499 532 2523 coram
546 2490 651 2522 vobis
667 2489 935 2531 pretenderent
952 2489 1144 2522 efficacem
1160 2498 1277 2530 quare
1292 2489 1339 2521 ad
1355 2488 1539 2530 premissa
1551 2488 1706 2520 minime
1722 2488 1874 2521 tenean-

238 2546 311 2584 tur,
343 2554 416 2586 qua
439 2547 616 2587 pretensa
643 2545 768 2577 citetis
790 2545 890 2586 ipsos
913 2544 959 2576 ad
976 2544 1076 2576 diem
1093 2553 1159 2576 seu
1177 2544 1223 2577 ad
1250 2544 1330 2577 dies
1354 2543 1629 2586 competentem
1647 2551 1714 2576 seu
1729 2551 1874 2584 compe-

239 2601 359 2632 tentes
375 2601 475 2633 etad
492 2599 722 2633 voluntatem
749 2598 913 2633 latorum
939 2599 1173 2641 presentium
1201 2608 1329 2632 coram
1352 2599 1503 2632 domino
1527 2597 1737 2632 reuerendo
1763 2597 1871 2639 patre

238 2653 496 2687 Cameracensi
521 2655 697 2696 episcopo
714 2653 773 2687 vel
801 2654 1028 2696 ubicumque
1055 2654 1179 2696 ipsum
1202 2654 1243 2685 in
1259 2662 1327 2686 sua
1351 2653 1491 2686 diocesi
1509 2653 1639 2686 adesse
1663 2651 1869 2695 contigerit

238 2707 373 2740 dictam
391 2717 541 2741 causam
553 2708 804 2751 allegaturum
821 2709 859 2741 et
873 2708 949 2749 J‘uri
968 2709 1271 2749 quantocumque
1295 2707 1469 2740 debuerit
1491 2706 1704 2748 pariturum
1727 2706 1766 2738 et
1780 2704 1870 2747 quid
1912 2705 1915 2709 ’

234 2761 322 2802 jnde
350 2764 525 2796 feceretis
550 2772 592 2795 ac
623 2764 774 2796 nomina
797 2763 1039 2803 monitorum,
1062 2762 1488 2802 excommunicatorum,
1514 2761 1728 2800 citatorum,
1747 2759 1778 2792 si
1801 2758 1869 2801 qui

235 2816 388 2857 fuerint,
407 2818 581 2859 diemque
599 2817 657 2850 vel
674 2818 753 2851 dies
770 2818 960 2851 citationis
974 2818 1145 2860 predicto
1167 2817 1378 2851 reuerendo
1392 2817 1491 2860 patri
1504 2815 1668 2849 fideliter
1680 2815 1868 2849 rescriba-

234 2872 281 2903 tis
300 2883 308 2912 ς
333 2873 373 2913 J'n
386 2872 458 2905 hiis
475 2877 600 2906 autem
614 2874 854 2915 exequendis,
873 2883 968 2906 unus
987 2875 1154 2907 vestrum
1173 2873 1290 2906 alium
1305 2872 1363 2906 vel
1381 2872 1475 2906 alios
1492 2881 1566 2905 non
1583 2872 1768 2914 expectet.

278 2927 413 2959 Datum
431 2937 527 2960 anno
552 2935 605 2960 m0
621 2934 700 2961 ccco
717 2929 839 2970 xxiij0,
862 2929 901 2961 in
920 2929 1130 2962 festiuitate
1151 2929 1412 2970 concepcionis
1429 2928 1538 2961 beate
1552 2927 1672 2960 Marie
1687 2925 1860 2969 virginis.

278 2980 567 3014 Collationatum
605 2991 672 3024 per
710 2991 770 3015 me
817 2982 840 3015 J
845 2982 1032 3016 ohannem
1073 2983 1241 3025 Martinj,
1281 2983 1547 3025 presbiterum,
1584 2980 1791 3024 apostolica
1828 2980 1867 3014 et

231 3035 419 3078 jmperiali
437 3039 659 3071 auctoritate
677 3038 878 3079 notarium,
894 3039 1096 3072 concordat
1113 3048 1198 3072 cum
1222 3038 1473 3082 originalibus
1497 3037 1636 3072 litteris
1660 3036 1863 3071 reuerendi
