2050 3470
827 284 963 318 ANNO
989 284 1171 316 1175-1177
1772 286 1814 319 29

176 394 244 435 dis,
271 395 525 428 esurientibus
544 395 581 427 et
594 395 811 428 sitientibus
828 395 1058 434 recreandis,
1079 395 1188 427 nudis
1201 395 1548 434 vestiendis,viduis
1561 395 1810 437 consolandis,

178 448 332 491 pupillis
347 449 599 487 defensandis,
626 458 672 481 an
690 449 889 481 itineribus
908 449 954 481 ad
972 458 1079 481 sacra
1102 448 1185 481 loca
1208 448 1381 490 prolixis.
1405 449 1481 486 Que
1506 451 1630 482 autem
1656 460 1813 491 usquam

177 505 366 538 terrarum
384 505 440 536 est
458 504 564 546 regio
582 505 646 536 aut
663 504 867 545 provincia,
887 505 925 536 in
940 514 1013 545 qua
1029 503 1257 545 multiplices
1275 505 1312 536 et
1328 505 1454 537 variae
1473 506 1715 539 necessitates
1738 516 1811 538 non

178 560 440 593 inveniantur?
467 558 644 592 Homines
661 559 848 600 patientes
866 560 964 599 quod
981 560 1011 591 si
1036 559 1211 591 sacerdos
1236 560 1281 591 ad
1299 569 1407 591 suum
1432 561 1671 600 sacrificium,
1698 560 1812 594 levita

179 616 226 649 ad
241 616 277 648 ei
301 615 591 648 ministrandum
617 615 787 648 videntes
812 615 1092 656 pertranseunt,
1107 623 1178 655 ego
1196 615 1298 647 certe
1318 615 1588 647 samaritanum
1606 615 1812 656 quemlibet

178 679 383 712 pauperem
406 671 444 703 et
467 670 656 702 modicum
680 680 748 711 pro
766 670 910 702 viribus
939 669 1078 702 talibus
1112 669 1397 701 subvenientem
1424 669 1591 710 utrisque
1608 672 1758 710 prefero
1776 673 1813 704 et

176 726 302 766 judico
319 725 599 767 preferendum,
627 735 701 757 non
730 725 882 758 illorum
916 726 1135 765 reprobans,
1156 724 1220 756 sed
1248 725 1459 765 approbans
1485 725 1812 767 sacrificationem,

176 781 290 813 immo
307 781 415 812 istius
432 781 692 813 misericordie
711 781 888 813 affectum
906 780 951 812 ad
970 779 1131 812 salutem
1152 780 1341 812 arbitrans
1369 779 1680 813 effectuosiorem.

221 836 279 870 Ad
291 835 385 868 illud
404 844 493 868 vero
519 835 618 876 quod
633 836 848 876 subjiciunt,
865 835 960 876 quod
980 834 1155 867 videlicet
1169 835 1319 867 cuidam
1333 843 1488 867 crucem
1508 835 1546 867 in
1562 835 1721 869 clamide
1735 846 1819 878 por-

177 891 273 923 tanti
289 890 463 931 dixerim,
481 890 519 922 id
532 892 601 931 est,
619 891 717 931 quod
734 891 875 922 frustra
890 889 1156 922 Jlierosolimis
1175 890 1296 922 Deum
1314 891 1502 930 quereret,
1523 892 1699 931 quoniam
1717 892 1814 934 heri,

177 945 215 976 id
244 945 300 977 est
330 945 368 977 in
390 945 450 978 die
482 945 640 984 Pasche,
667 945 901 983 comedisset,
932 945 1020 986 quia
1044 944 1203 986 puerilis
1228 948 1264 977 et
1290 944 1430 977 nullius
1454 946 1635 978 momenti
1666 947 1815 981 videtur

176 1000 350 1041 objectio,
383 1000 612 1042 respondere
643 1009 712 1041 per
735 1001 916 1041 scriptum
940 1000 1138 1042 indignum
1163 1009 1310 1039 censeo,
1337 1000 1426 1041 quia
1451 1001 1613 1042 simplici
1639 1011 1813 1036 sermone

178 1054 267 1096 quid
290 1055 406 1087 fuerit
432 1056 527 1088 scire
540 1055 753 1088 volentibus
772 1065 837 1087 suo
853 1055 935 1088 loco
954 1057 990 1087 et
1003 1057 1173 1096 tempore
1190 1056 1322 1096 potero
1342 1055 1550 1089 absolvere.

220 1109 291 1142 Sed
317 1110 363 1142 ad
380 1109 473 1141 illud
490 1109 584 1151 quod
610 1109 914 1151 calumpniantur
940 1118 999 1141 me
1017 1110 1189 1142 docuisse
1219 1110 1264 1141 ab
1283 1110 1460 1150 operibus
1477 1109 1640 1143 humane
1658 1112 1732 1144 vite
1752 1121 1813 1145 ne·

176 1165 350 1197 cessariis
366 1164 576 1197 Dominicis
592 1164 724 1197 diebus
738 1174 811 1197 non
834 1174 915 1197 esse
934 1164 1196 1197 abstinendum
1214 1165 1251 1196 et
1268 1165 1366 1205 quod
1387 1166 1567 1205 quosdam
1586 1167 1632 1199 ad
1654 1167 1815 1209 agricul-

176 1220 301 1252 turam
324 1219 522 1261 sollempni
546 1220 606 1252 die
623 1220 662 1251 in
687 1221 768 1251 orto
793 1228 876 1252 meo
900 1220 1103 1261 coegerim,
1123 1220 1258 1251 testem
1281 1220 1413 1252 invoco
1434 1220 1554 1253 Deum
1587 1222 1626 1254 in
1650 1223 1814 1255 animam

177 1282 312 1316 meam,
336 1275 424 1315 quia
450 1283 571 1316 neque
589 1275 642 1307 sic
666 1275 739 1308 feci
762 1284 882 1315 neque
911 1275 964 1306 sic
992 1274 1102 1306 docui
1121 1285 1128 1315 ;
1155 1274 1219 1306 sed
1237 1274 1335 1306 unde
1354 1276 1589 1308 occasionem
1606 1277 1814 1319 derogandi

177 1329 401 1370 repererint,
426 1330 646 1371 paternitati
672 1330 836 1362 arbitror
862 1340 935 1362 non
967 1328 1282 1362 abscondendum.
1318 1330 1400 1372 Ego
1425 1331 1465 1362 in
1488 1331 1706 1373 insipientia
1730 1333 1813 1366 dico

178 1392 307 1416 omnes
320 1393 379 1417 me
395 1385 473 1416 sive
489 1385 584 1426 visu,
603 1385 681 1418 sive
699 1384 877 1426 alloquio,
904 1385 982 1417 sive
1006 1384 1134 1417 auditu
1152 1386 1353 1429 tangentes
1380 1385 1503 1418 salvos
1520 1387 1646 1419 facere
1663 1389 1813 1421 conten-

175 1438 319 1479 debam,
339 1439 434 1472 unde
452 1441 489 1472 et
505 1440 676 1473 moderni
701 1440 881 1481 temporis
898 1440 995 1472 vicia
1021 1440 1066 1472 ab
1090 1440 1144 1472 eis
1161 1448 1296 1472 eruere
1314 1441 1351 1473 et
1369 1441 1552 1473 virtutum
1569 1441 1716 1483 plantas
1733 1452 1813 1475 cor-

175 1493 283 1526 dibus
300 1503 431 1527 eorum
447 1495 616 1528 inserere
634 1495 864 1537 satagebam.
876 1494 1125 1527 Considerans
1139 1503 1230 1536 ergo
1246 1495 1397 1527 beatum
1417 1495 1642 1538 Gregorium
1659 1497 1813 1539 dixisse,

175 1548 273 1589 quod
284 1549 479 1581 Dominico
489 1549 548 1582 die
558 1550 602 1582 ab
618 1559 731 1591 opere
742 1549 905 1581 humano
918 1549 1139 1581 cessandum
1151 1550 1249 1582 esset
1266 1551 1302 1582 et
1314 1551 1539 1583 omnimodis
1553 1551 1674 1584 labori
1685 1553 1812 1585 divino

174 1603 435 1644 insistendum,
452 1606 494 1637 ut
511 1605 689 1646 quicquid
702 1604 936 1646 negligentie
950 1604 1033 1636 aliis
1048 1604 1179 1636 diebus
1193 1605 1385 1646 acciderit,
1401 1605 1466 1637 illo
1481 1606 1541 1638 die
1552 1610 1808 1648 repararetur,

175 1658 252 1691 vidi
265 1659 452 1692 infinitam
464 1659 745 1692 multitudinem
758 1660 953 1700 utriusque
965 1668 1075 1692 sexus
1094 1660 1329 1692 Dominicam
1344 1660 1443 1692 diem
1457 1670 1530 1693 non
1544 1662 1812 1695 restaurationi

175 1713 508 1756 negligentiarum,
528 1714 592 1747 sed
611 1714 918 1756 multiplicationi
936 1715 1088 1756 gravius
1105 1715 1297 1756 peccando
1315 1715 1497 1756 deputare
1515 1726 1522 1756 3
1542 1715 1812 1757 sollempnibus

175 1768 315 1800 etenim
339 1769 470 1801 diebus
496 1778 517 1802 a
540 1769 669 1802 labore
694 1779 872 1802 manuum
896 1771 1043 1802 tantum
1078 1770 1324 1810 abstinentes,
1351 1770 1396 1802 ad
1422 1770 1568 1809 mimos,
1587 1770 1810 1809 saltatrices,

173 1821 377 1856 histriones
390 1824 647 1864 intendebant,
667 1825 914 1857 ebrietatibus
931 1825 969 1857 et
986 1824 1079 1857 aleis
1093 1825 1287 1863 vacabant,
1307 1824 1454 1857 choreis
1472 1824 1673 1858 mulierum
1687 1825 1812 1858 illece-

173 1878 294 1911 brosis
318 1881 382 1912 aut
406 1879 585 1912 ducendis
610 1880 674 1912 aut
698 1879 909 1921 spectandis
934 1879 1168 1918 insistebant,
1197 1880 1366 1912 obscenis
1392 1880 1562 1912 cantibus
1583 1881 1620 1912 et
1644 1881 1813 1922 gestibus

173 1933 372 1975 impudicis
399 1943 467 1976 pro
495 1935 640 1967 foribus
668 1934 913 1967 ecclesiarum
947 1936 983 1967 et
1015 1944 1128 1976 super
1156 1933 1319 1967 tumulos
1348 1936 1546 1976 parentum
1578 1936 1615 1967 et
1644 1936 1813 1968 affinium

173 1997 338 2022 suorum.
357 1989 522 2022 Phineos
547 1989 625 2022 filio
650 1989 832 2028 Eleazari‚
861 1989 964 2022 nullo
991 1989 1284 2029 contradicente,
1305 1999 1379 2021 non
1404 1989 1597 2030 ludebant,
1626 1990 1690 2022 sed
1714 1990 1812 2023 insa-

173 2043 347 2085 niebant3
362 2044 427 2076 sed
440 2045 477 2076 et
491 2044 612 2077 adhuc
625 2045 789 2077 maxima
798 2053 885 2086 pars
897 2053 1040 2084 eorum,
1054 2044 1232 2085 pauciore
1244 2043 1338 2076 mihi
1352 2045 1507 2086 propter
1523 2044 1812 2078 reluctationem

172 2098 318 2140 pullum
335 2099 429 2132 solvi
452 2099 735 2141 prohibentium
760 2100 1035 2140 acquiescente,
1061 2109 1135 2131 non
1158 2100 1401 2140 sabbatizant,
1421 2100 1485 2133 sed
1511 2099 1684 2132 delirant.
1705 2100 1812 2140 Quod

173 2162 244 2196 ego
269 2154 511 2187 considerans
534 2155 572 2187 et
597 2153 727 2187 dolens
751 2155 890 2195 quanto
915 2156 1086 2196 poteram
1112 2154 1352 2187 affectuosius
1370 2156 1653 2188 commonebam
1670 2164 1746 2195 eos,
1766 2164 1812 2188 ne

174 2207 333 2241 culicem
346 2208 560 2242 excolentes
574 2208 759 2241 camelum
776 2208 972 2251 glutirent,
992 2209 1029 2240 id
1044 2210 1111 2248 est,
1131 2218 1177 2242 ne
1193 2209 1238 2241 ab
1257 2210 1434 2250 operibus
1449 2211 1672 2243 necessariis
1686 2211 1811 2243 Domi-

173 2264 258 2297 nico
286 2264 346 2297 die
370 2264 601 2297 abstinentes
629 2265 667 2296 et
684 2263 908 2305 supradictis
933 2263 1182 2296 inservientes
1208 2264 1420 2297 derisibilia
1447 2266 1618 2298 facerent
1640 2265 1812 2299 hostibus

173 2319 330 2352 sabbata
346 2328 434 2361 sua3
454 2319 727 2359 manifesteque
744 2319 974 2360 protestatus
992 2328 1074 2350 sum
1101 2318 1373 2361 agriculturam
1403 2320 1440 2352 et
1457 2322 1584 2353 cetera
1597 2320 1811 2362 hujusmodi

174 2373 373 2416 sollempni
387 2374 447 2407 die
465 2374 612 2415 operari
629 2373 668 2405 in
681 2382 720 2406 se
734 2382 808 2405 non
826 2382 907 2406 esse
920 2374 1127 2414 peccatum,
1146 2375 1404 2407 verumtamen
1418 2374 1489 2407 hoc
1505 2376 1661 2417 propter
1676 2375 1812 2409 melius

173 2427 240 2462 illa
263 2429 324 2462 die
346 2429 697 2470 intermittendum3
729 2428 896 2469 alioquin
922 2429 1071 2470 operari
1103 2429 1285 2462 desistere
1311 2430 1348 2462 et
1379 2430 1604 2471 supradictis
1636 2431 1812 2464 insistere

173 2484 438 2526 perniciosum.

218 2538 324 2577 Quod
348 2540 473 2572 autem
496 2548 556 2571 me
580 2538 709 2571 dicunt
733 2538 794 2571 die
818 2538 1017 2580 sollempni
1042 2539 1223 2579 quosdam
1241 2539 1287 2571 ad
1314 2539 1517 2572 colendum
1538 2542 1663 2574 ortum
1686 2551 1812 2576 meum

175 2594 356 2637 coegisse,
382 2604 456 2627 non
480 2595 536 2627 est
560 2602 704 2633 verum,
736 2593 1005 2626 Verumtamen
1036 2595 1074 2626 et
1106 2593 1176 2625 hoc
1209 2594 1437 2627 criminandi
1471 2595 1571 2628 unde
1605 2597 1705 2629 nacti
1737 2598 1812 2630 sint

176 2650 423 2689 occasionem,
437 2659 512 2681 non
536 2649 679 2682 tacebo.
707 2647 874 2691 Contigit
890 2658 950 2681 me
973 2648 1066 2681 mihi
1091 2649 1324 2682 mansionem
1352 2658 1459 2682 secus
1489 2650 1687 2684 ecclesiam
1717 2653 1811 2685 mihi

176 2705 413 2738 commissam
448 2704 646 2744 edeficare,
690 2704 798 2744 cujus
835 2704 1045 2745 parietibus
1075 2704 1224 2744 erectis,
1259 2705 1347 2745 quia
1381 2705 1502 2738 solum
1527 2705 1706 2740 humilius
1737 2717 1811 2740 non

177 2760 438 2802 respondebat,
461 2760 567 2801 quus
584 2759 703 2791 sancti
719 2758 975 2800 solempnitati
989 2759 1187 2800 incertum,
1215 2760 1394 2800 quosdam
1417 2769 1439 2793 a
1463 2761 1623 2803 strepitu
1649 2762 1812 2795 seculari

177 2814 429 2848 amicabiliter
452 2814 672 2848 abstrahens
704 2814 749 2846 ad
773 2814 1083 2855 comportandum
1107 2816 1249 2846 terrani
1281 2815 1319 2846 in
1351 2824 1446 2856 eam,
1483 2817 1524 2848 ut
1556 2817 1812 2858 pavimentum

178 2869 364 2902 elevatum
389 2870 537 2902 edificio
570 2870 809 2911 congrueret,
839 2869 1006 2909 invitavi,
1034 2869 1206 2902 hortatus
1235 2879 1330 2910 sum,
1361 2872 1398 2903 et
1427 2871 1498 2912 ipsi
1529 2872 1810 2913 acquieverunt.

179 2924 285 2963 Quod
298 2925 360 2957 isti
377 2926 522 2967 majora
537 2934 612 2957 non
625 2924 872 2966 invenientes,
898 2924 987 2965 quia
1016 2924 1143 2957 bubali
1170 2924 1281 2957 multi
1308 2925 1469 2959 formica
1495 2936 1570 2960 una
1595 2928 1734 2968 onusti,
1764 2928 1810 2961 de

179 2981 283 3014 trans
298 2981 413 3024 Alpes
438 2982 516 3014 risu
533 2981 690 3024 dignum
707 2981 753 3014 ad
770 2980 1018 3022 apostolicam
1036 2981 1274 3014 audienciam
1290 2983 1532 3016 advexerunt.
