2050 3470
779 225 918 261 ANNO
941 225 1130 259 1349-1350
1718 225 1781 261 105

145 342 240 375 tium
267 341 305 375 et
331 340 462 373 modus
490 337 737 381 penitentiam
761 337 924 370 faciendi
948 337 1126 380 populum
1149 336 1368 370 universum
1399 336 1436 369 in
1461 336 1662 370 maximam
1685 336 1778 369 sedi-

145 397 287 430 tionem
317 394 620 435 commoverunt;
658 401 743 427 nam
781 392 898 434 aliqui
939 393 1186 432 sustinebant,
1229 392 1329 433 quod
1364 392 1503 424 factum
1535 400 1665 424 eorum
1704 401 1776 424 non

146 453 245 486 esset
260 450 556 494 approbandum,
571 449 660 491 quia
675 458 749 482 non
763 450 845 482 erat
861 458 883 481 a
899 449 1004 482 curia
1022 448 1194 481 Romana
1214 447 1473 489 approbatum.
1500 446 1547 479 Et
1571 447 1686 480 etiam
1712 455 1779 479 rex

146 507 303 540 Francie
330 506 422 539 fecit
449 504 598 547 publice
615 503 851 546 proclamare
868 504 1007 545 ubique
1029 504 1066 536 in
1084 503 1161 536 suis
1185 502 1358 541 balliviis‚
1379 502 1477 543 quod
1502 501 1627 534 nullus
1645 501 1779 534 talium

147 563 395 604 reciperetur.

190 617 325 652 Audivi
357 616 471 649 etiam
501 624 523 648 a
557 615 716 656 quadam
740 623 901 656 persona
932 614 1136 653 autentica,
1175 612 1275 655 quod
1305 612 1385 654 ipse
1424 612 1571 644 viderat
1594 612 1780 644 Avinionc

147 674 220 706 duo
244 671 365 705 millia
389 670 521 704 talium
546 670 809 712 penitentium,
828 670 892 711 qui
920 672 1029 702 crant
1055 669 1101 702 de
1125 668 1362 707 Alamannia,
1388 668 1426 700 et
1442 666 1617 700 volebant
1642 667 1781 698 factum

146 737 255 762 suum
271 728 307 760 et
325 726 486 760 aliorum
502 734 570 768 per
585 735 719 767 papam
745 727 782 758 et
798 726 941 758 curiam
957 725 1171 767 approbari.
1193 724 1355 765 Fuitque
1373 723 1427 756 eis
1444 723 1483 755 in
1500 730 1655 764 vespere
1681 731 1780 753 nun-

144 784 291 822 tiatum,
309 782 407 824 quod
432 781 665 819 recederent,
691 780 859 821 alioquin
881 780 1084 822 dampnum
1101 779 1342 812 incurrerent
1358 780 1395 811 et
1408 777 1604 818 haberent,
1624 778 1661 810 et
1675 776 1780 808 sicin

146 838 208 872 die
224 837 400 876 crastina,
415 837 452 870 et
468 836 553 877 post
576 834 701 868 nullus
731 844 861 868 eorum
879 834 1100 877 comparuit.

191 894 355 935 Propter
370 891 541 934 predicta
557 893 594 923 et
611 890 687 923 alia
710 899 783 931 que
814 890 981 923 dictabat
1009 890 1118 929 ratio,
1147 889 1217 921 viri
1243 887 1488 921 ecclesiastici
1514 889 1552 921 et
1584 886 1782 929 regulares

146 958 190 983 ac
218 948 389 981 homines
421 955 510 980 sane
539 946 676 979 mentis
704 947 742 978 ct
766 946 881 987 periti
906 946 1012 987 Juxta
1052 945 1163 977 tidem
1198 943 1424 977 catholicam
1461 943 1713 985 opinabantur
1745 943 1783 974 et

145 1004 336 1043 tenebant,
371 1011 440 1044 pro
469 1010 513 1035 00
546 1001 644 1043 quod
674 1000 835 1034 ecclesia
877 1010 951 1033 non
985 1002 1230 1033 consenserat
1261 1000 1299 1032 et
1326 1007 1487 1032 canones
1516 997 1783 1040 prohibebant,

145 1060 285 1093 factum
310 1067 383 1091 non
399 1058 482 1090 erat
497 1056 794 1099 approbandum.
824 1055 992 1098 Populus
1020 1056 1157 1094 autem,
1189 1055 1261 1087 viri
1285 1055 1323 1088 et
1348 1053 1542 1093 mulieres,
1569 1053 1782 1094 Scripturas

145 1114 376 1158 ignorantes,
392 1109 537 1144 nobiles
554 1111 591 1143 et
607 1109 807 1153 ignobiles,
826 1111 966 1143 factum
990 1109 1091 1142 ultra
1107 1110 1259 1141 modum
1276 1108 1546 1150 approbabant,
1562 1107 1724 1140 maxime
1741 1107 1780 1139 in

146 1168 367 1212 regionibus
395 1165 605 1199 antedictis.
640 1165 689 1198 Et
717 1165 770 1197 sic
798 1167 880 1198 erat
906 1164 1088 1197 discussio
1117 1163 1303 1196 mirabilis
1327 1164 1365 1196 et
1393 1163 1529 1202 inanis,
1559 1164 1597 1195 et
1620 1162 1784 1195 maxime

147 1222 308 1266 populus
320 1221 516 1254 universus
531 1229 644 1262 super
657 1219 806 1253 ordines
820 1219 1076 1252 mendicantes
1092 1220 1270 1261 precipue
1287 1218 1623 1260 imponebat‚quod
1638 1226 1706 1259 per
1719 1226 1783 1250 eos

147 1277 458 1320 impedimentum
475 1277 595 1308 totum
610 1277 702 1308 erat.
716 1275 763 1308 Et
776 1275 860 1316 quis
873 1275 1018 1307 dubitet
1034 1273 1162 1317 [istud]
1177 1283 1259 1307 esse
1274 1274 1388 1306 ritum
1406 1282 1554 1312 novum,
1574 1273 1664 1314 quia
1679 1272 1783 1314 peni-

147 1333 305 1368 tentiam
322 1341 428 1365 suam
446 1331 484 1364 in
501 1330 684 1372 ecclesiis,
699 1331 737 1363 in
751 1330 990 1363 monasteriis
1008 1332 1046 1362 et
1058 1329 1151 1362 locis
1164 1328 1430 1362 ecclesiasticis
1447 1328 1649 1369 faciebant,
1661 1328 1724 1360 ubi
1739 1327 1784 1360 de

145 1390 231 1432 ,iure
247 1387 454 1430 approbato
469 1396 543 1419 non
558 1386 669 1419 debet
683 1386 767 1419 fieri
781 1394 930 1427 quoquo
944 1385 1054 1417 modo
1067 1384 1263 1427 sanguinis
1277 1384 1410 1417 effusio
1424 1382 1658 1416 violenta.Et
1671 1383 1785 1416 etiam

149 1443 300 1486 quando
320 1442 434 1475 fiebat
462 1441 631 1474 divinum
659 1440 836 1480 officium,
853 1439 905 1483 [et
928 1439 1075 1482 private
1101 1439 1214 1472 misse
1231 1438 1454 1472 dicebantur
1470 1439 1508 1470 in
1530 1437 1713 1477 ecclesiis,
1739 1439 1785 1471 de

149 1499 221 1532 hoc
238 1507 312 1531 non
330 1497 514 1530 curabant
531 1505 600 1529 nec
617 1496 733 1529 ritum
757 1504 866 1528 suum
877 1496 1004 1529 facere
1028 1495 1264 1533 omittebant,
1283 1496 1321 1527 et
1338 1502 1475 1536 magna
1487 1502 1574 1535 pars
1590 1493 1694 1536 vulgi
1709 1494 1783 1526 fac-

149 1557 229 1588 tum
242 1553 375 1587 talium
391 1551 476 1595 plus
493 1561 605 1593 quam
622 1551 790 1584 divinum
808 1550 987 1593 officium]
1006 1550 1276 1592 approbabant,
1292 1550 1510 1591 reputantes
1524 1548 1782 1590 approbabile,

150 1611 240 1653 quia
256 1620 328 1653 per
343 1619 475 1644 eorum
493 1610 694 1643 adventum
713 1609 786 1642 fuit
802 1609 907 1642 tanta
922 1608 1082 1641 mutatio
1095 1607 1185 1640 mali
1198 1608 1237 1640 in
1254 1608 1406 1648 bonum,
1425 1607 1522 1639 sicut
1545 1606 1718 1648 superius
1731 1607 1788 1639 est

149 1675 384 1709 expressum,
397 1665 498 1708 quod
518 1666 674 1708 propter
686 1664 757 1697 hoc
774 1664 944 1697 homines
957 1663 1244 1703 ecclesiasticos,
1260 1663 1325 1705 qui
1338 1663 1554 1705 opinionem
1570 1671 1675 1695 suam
1688 1663 1788 1695 tene-

149 1723 250 1760 bant.
267 1722 464 1764 sepissime
487 1721 720 1754 deridebant.
741 1720 903 1762 Fuitque
920 1721 1024 1753 tanta
1041 1719 1167 1761 opinio
1180 1718 1298 1762 vulgi,
1318 1718 1416 1760 quod
1433 1718 1471 1750 in
1500 1717 1671 1760 pluribus
1696 1717 1789 1750 locis

148 1777 283 1811 fecisse
296 1775 480 1810 miracula
496 1785 566 1818 per
587 1784 721 1808 eorum
738 1775 984 1817 penitentiam
1001 1774 1251 1808 affirmabant.

193 1831 376 1872 Quoniam
387 1831 516 1866 -nescit
532 1831 644 1864 homo
662 1831 789 1864 utrum
808 1830 857 1863 sit
877 1830 1016 1873 dignus
1034 1839 1162 1863 amore
1180 1838 1227 1862 an
1256 1829 1355 1868 odio,
1373 1838 1396 1862 a
1411 1825 1526 1861 simili
1544 1829 1582 1860 in
1600 1827 1670 1859 isto
1687 1828 1786 1860 facto

147 1887 262 1930 judex
275 1888 331 1921 est
348 1888 450 1921 Deus
465 1888 608 1928 noster,
628 1887 716 1928 quia
739 1886 882 1928 judicia
899 1886 1051 1919 Domini
1064 1886 1220 1928 abyssus
1245 1884 1376 1917 multa.
1396 1884 1521 1917 Unum
1538 1883 1680 1922 dubito,
1701 1885 1790 1924 quia

148 1943 221 1976 iste
236 1942 332 1976 ritus
353 1943 431 1984 jam
459 1943 497 1975 in
524 1943 672 1975 tantum
687 1942 806 1975 crevit
833 1943 871 1975 et
898 1941 1033 1974 crescit
1060 1941 1098 1973 in
1127 1940 1285 1973 diversis
1302 1939 1394 1973 locis
1411 1948 1479 1981 per
1491 1927 1701 1978 s‘oeietates,
1719 1946 1785 1971 seu

150 1999 280 2031 mutuo
298 1998 518 2037 adunantes,
534 1998 598 2039 qui
612 1997 755 2030 faciunt
772 1998 895 2030 tantas
912 1997 1097 2030 novitates
1121 1996 1160 2029 et
1183 1996 1315 2028 contra
1338 1994 1628 2028 consuetudines
1652 2003 1789 2036 appro-

150 2054 269 2093 batas,
283 2053 383 2095 quod
400 2053 632 2086 horrendum
649 2053 707 2086 est
729 2052 900 2095 cogitare
914 2053 978 2085 aut
995 2052 1140 2092 dicere3
1167 2060 1254 2084 nam
1279 2050 1426 2083 omissis
1454 2050 1669 2084 civitatibus
1687 2048 1786 2088 aliis,

149 2108 250 2142 villis
267 2109 379 2150 atque
396 2108 502 2149 locis,
521 2109 646 2142 refero
665 2108 710 2141 de
729 2107 914 2148 Tornaco,
933 2107 1022 2149 quia
1038 2107 1186 2149 quando
1219 2106 1341 2148 primo
1367 2105 1552 2138 venerunt
1575 2104 1788 2146 penitentes

148 2164 221 2207 ipsi
234 2173 302 2207 per
318 2165 487 2206 spacium
499 2164 661 2206 triginta
677 2163 792 2196 trium
817 2163 965 2196 dierum
985 2162 1237 2205 penitentiam
1260 2161 1460 2194 faciebant.
1488 2160 1598 2193 Modo
1624 2160 1790 2192 adunant

149 2227 189 2253 se
220 2220 351 2252 mutuo
390 2228 459 2261 per
482 2219 715 2261 parrochias,
752 2220 789 2251 et
817 2219 855 2251 in
879 2218 1044 2251 sabbatis
1061 2220 1098 2251 et
1122 2218 1161 2249 in
1180 2217 1306 2257 festis,
1327 2216 1365 2248 in
1395 2214 1603 2248 cathedrali
1632 2213 1792 2248 ecclesia

148 2276 183 2308 b.
203 2274 346 2308 Mariae
359 2275 397 2308 et
409 2274 448 2307 in
465 2273 550 2308 aliis
567 2273 754 2314 ecclesiis,
768 2274 911 2307 faciunt
929 2282 1038 2306 suum
1054 2273 1183 2313 ritum,
1200 2281 1290 2314 sepe
1306 2271 1555 2313 impedientes
1573 2270 1699 2302 divina
1715 2278 1791 2302 ser·

146 2329 257 2371 vicia,
287 2338 356 2363 nec
384 2338 407 2362 a
428 2329 531 2362 clero
549 2331 708 2371 possunt
724 2338 837 2372 super
852 2328 924 2361 hoc
940 2328 1178 2370 reprehendi,
1205 2327 1296 2369 quia
1310 2328 1468 2369 propter
1484 2325 1791 2358 communitatem

148 2395 222 2418 non
247 2385 441 2418 auderent.
458 2384 507 2418 Et
520 2385 619 2426 quod
640 2384 724 2426 plus
737 2386 794 2417 est
812 2384 942 2424 crevit,
969 2386 1007 2417 et
1023 2384 1080 2417 est
1099 2383 1243 2416 novitas
1269 2381 1469 2423 mirabilis,
1489 2381 1577 2423 quia
1600 2380 1663 2413 isti
1687 2380 1790 2422 peni-

148 2441 270 2474 tentes
287 2440 462 2474 mirabile
480 2440 714 2482 inceperunt.
728 2439 824 2473 Nam
837 2439 999 2482 collegia
1016 2441 1053 2472 ct
1072 2438 1207 2478 curati,
1239 2437 1445 2471 secundum
1472 2436 1570 2478 quod
1597 2436 1654 2469 est
1677 2435 1790 2469 ratio-

148 2495 274 2530 nabile
294 2496 332 2529 et
355 2497 591 2536 consuetum,
611 2496 656 2529 ad
672 2504 832 2538 corpora
850 2495 1020 2534 levanda,
1039 2494 1223 2536 portanda
1238 2495 1276 2526 et
1290 2492 1509 2535 sepelienda
1521 2491 1700 2525 accedere
1715 2501 1789 2525 non

150 2551 310 2594 oportet,
337 2551 426 2592 quia
461 2551 661 2584 societates
694 2551 945 2593 penitentium
973 2559 1057 2583 cum
1087 2558 1199 2582 cruce
1239 2549 1277 2582 et
1315 2548 1435 2581 cereis
1468 2555 1628 2589 corpora
1651 2546 1789 2586 levant,

148 2607 303 2648 portant
319 2606 358 2639 et
380 2605 584 2648 sepeliunt,
601 2608 638 2639 et
670 2615 758 2648 sepe
786 2607 928 2639 inducti
947 2607 1033 2638 sunt
1059 2605 1277 2643 morientes,
1296 2606 1339 2636 ut
1362 2602 1501 2636 talibus
1525 2603 1678 2643 donent,
1696 2602 1793 2636 sicut

150 2660 248 2694 solet
264 2660 347 2693 fleri
363 2661 515 2701 curatis,
547 2661 767 2704 capellanis,
785 2661 1034 2703 hospitalibus
1051 2661 1090 2694 ct
1112 2660 1353 2703 pauperibus.

196 2715 242 2748 Et
258 2715 379 2749 audeo
398 2716 537 2757 dicere,
556 2717 655 2758 quod
672 2717 709 2749 in
724 2717 885 2750 adventu
903 2718 988 2750 ante
1007 2716 1132 2749 natale
1149 2715 1295 2748 Domini
1314 2723 1411 2748 anno
1440 2714 1632 2756 praedicto
1658 2713 1730 2746 ista
1755 2714 1793 2746 et

152 2770 272 2804 multa
294 2769 369 2804 alia
393 2771 533 2804 fiebant
556 2773 595 2804 in
621 2772 803 2805 Tornaco.

195 2825 245 2860 Et
257 2825 346 2868 quia
358 2825 470 2859 homo
486 2827 588 2861 videt
600 2827 639 2860 in
658 2827 768 2867 facie,
784 2827 884 2861 Deus
898 2831 1023 2861 autem
1036 2828 1072 2860 in
1091 2827 1216 2866 corde,
1243 2828 1281 2859 ct
1305 2826 1474 2868 predicta
1490 2826 1577 2857 sunt
1593 2824 1791 2864 novitates,

153 2882 192 2915 et
207 2880 379 2916 Salvator
394 2883 522 2916 noster
540 2883 659 2915 dixit:
680 2895 695 2912 «
725 2882 853 2917 Nolite
879 2885 966 2917 ante
991 2884 1138 2925 tempus
1161 2882 1344 2924 judicare,
1375 2894 1389 2910 ι
1415 2880 1555 2914 idcirco
1587 2878 1790 2912 utilitatem

153 2938 281 2971 sancte
308 2935 440 2970 matris
457 2934 615 2970 ecclesie
632 2936 670 2969 et
685 2935 880 2976 honorem,
916 2936 1003 2970 fidei
1034 2935 1335 2969 observationem
1368 2935 1406 2968 et
1433 2932 1721 2968 christianitatis
1749 2933 1788 2966 et
