2050 3470
756 288 894 324 ANNO
923 288 1108 321 1349-1350
1691 292 1753 324 133

118 397 294 432 inchoato
320 407 466 439 errore,
491 398 686 441 praecepit
708 399 918 432 sententiae
956 399 1355 433 excommunicationis
1383 400 1531 434 vinculo
1564 402 1749 435 innodari.

117 453 256 487 Omnes
271 454 512 496 presbyteros
529 455 641 496 atque
654 453 826 494 clericos,
845 454 1111 496 cujuscumque
1129 456 1247 488 status
1272 454 1331 488 vel
1356 456 1582 490 conditionis
1598 458 1637 491 et
1653 457 1751 490 ordi·

115 509 174 542 nis
191 509 409 548 existerent,
427 509 490 550 qui
508 509 618 542 dictis
645 508 962 552 Flagellatoribus
980 511 1189 552 praebuere
1206 510 1381 543 ducatum
1399 520 1441 543 ac
1460 511 1552 553 ipsis
1569 511 1750 546 adhaese-

113 564 203 596 runt
225 565 264 597 et
286 564 547 606 superstitioni
573 565 652 597 sive
678 565 1008 597 adinventionibus
1031 565 1121 604 suis,
1148 565 1340 607 praecepit
1367 566 1510 599 carceri
1539 567 1748 610 mancipari

112 627 182 661 per
204 618 373 652 locorum
404 619 630 659 ordinarios,
649 620 824 653 invocato
850 621 896 653 ad
918 619 1002 660 hoc,
1031 621 1061 652 si
1097 629 1250 654 necesse
1279 621 1408 661 fuerit,
1432 621 1573 654 auxilio
1603 622 1749 656 brachii

112 673 306 714 secularis,
332 674 450 707 donee
475 675 520 707 ab
547 675 627 716 ipso
654 684 768 717 super
792 674 864 708 hoc
889 675 1106 717 reciperent
1129 675 1231 709 aliud
1257 676 1295 708 in
1319 676 1517 709 mandatis.

156 729 232 762 Per
247 729 347 762 istud
362 729 472 762 modo
487 730 640 762 evanuit
657 731 695 763 et
711 730 851 763 defecit
868 731 962 762 ritus
980 732 1018 763 et
1034 731 1296 772 superstitiosa
1323 731 1538 765 adinventio
1563 732 1748 766 dictorum

112 783 422 827 Flagellatorum,
441 793 537 826 quae
554 793 622 826 per
637 785 705 818 Dei
720 785 883 828 gratiam
894 785 940 818 de
954 791 1103 819 caetero
1123 786 1222 819 inter
1234 785 1460 820 christianos
1474 796 1548 820 non
1559 790 1746 830 resurget.

154 839 533 873 Praenosticaverant
558 840 711 881 quidam
729 841 951 881 astronomi,
970 840 1067 882 quod
1087 842 1370 882 conjunctiones
1388 841 1476 875 illae
1493 841 1744 884 planetarum,

112 903 208 936 quae
238 895 391 928 fuerant
418 903 516 928 anno
552 895 772 928 Dominicae
798 896 1067 928 incarnationis
1086 896 1314 930 MCCCXLV
1331 897 1370 930 in
1387 906 1514 930 mense
1533 897 1745 938 Febmarii,

110 950 376 993 significabant
403 951 659 992 apparitiones
684 950 955 993 prophetarum
988 953 1026 984 et
1051 951 1332 985 immutationes
1361 954 1550 986 sectarum
1574 962 1748 996 guerras·

110 1013 182 1047 que
207 1005 271 1038 diu
289 1005 489 1039 duraturas
506 1006 608 1039 inter
630 1014 742 1049 reges
767 1007 805 1038 et
827 1006 1018 1048 principes
1034 1006 1074 1039 in
1091 1006 1280 1048 aliquibus
1305 1008 1537 1051 regionibuS‚
1556 1017 1652 1050 quae
1667 1009 1745 1051 jam

111 1060 238 1094 omnia
260 1061 421 1094 vidimus
438 1061 620 1094 evenisse.

459 1136 666 1172 Chronicon
681 1138 858 1171 comitum
869 1137 1184 1179 Flandrensz’um,
1209 1140 1437 1182 uitgegeven
1450 1140 1544 1173 door
1556 1139 1612 1173 De
1629 1140 1746 1181 Smet,

502 1192 641 1238 Corpus
658 1193 919 1227 chronicorum
935 1192 1158 1235 Flandriae,
1169 1194 1251 1228 deel
1269 1194 1379 1236 I,blz.
1396 1194 1461 1228 226
1478 1204 1524 1230 en
1540 1194 1604 1229 227
1619 1195 1745 1239 (1837).

785 1326 847 1370 81
880 1319 1067 1383 (19712).

164 1438 284 1487 1349,
318 1437 449 1489 Juni,
492 1461 530 1468 —
554 1440 675 1488 1350,
713 1437 936 1482 Brabant.
974 1438 1215 1482 Uittreksel
1249 1440 1314 1484 uit
1353 1454 1433 1484 een
1466 1440 1744 1485 handschrift

100 1505 178 1549 der
203 1504 294 1549 15(ιθ
313 1520 437 1550 eeuw
461 1519 566 1549 over
586 1506 640 1549 de
661 1506 934 1560 GeeselaarS‚
956 1507 1106 1552 hunne
1125 1507 1420 1567 handelingen
1438 1523 1494 1553 en
1514 1509 1566 1554 de
1584 1510 1742 1555 onder-

100 1574 323 1632 drukking
344 1575 519 1619 hunner
541 1580 675 1620 secte.

145 1668 242 1703 Item
258 1669 315 1702 int
329 1669 412 1711 jaer
430 1668 515 1710 xiijo
542 1668 634 1710 xlix,
668 1669 724 1703 int
749 1668 921 1713 beginsel
946 1678 1017 1702 van
1041 1670 1289 1712 wedemaent,
1307 1672 1404 1706 doen
1421 1673 1632 1716 regneerde
1647 1682 1742 1708 eene

45 1749 52 1758 .
100 1726 201 1759 secte
213 1734 284 1758 van
302 1724 427 1758 lieden
443 1725 659 1768 gheheeten
689 1725 1005 1765 Crucebroeders,
1033 1726 1095 1759 die
1123 1726 1272 1761 hadden
1298 1736 1367 1761 een
1384 1737 1495 1762 cruce
1512 1737 1628 1762 voren
1645 1729 1741 1763 ende

100 1780 230 1815 achtre
249 1791 257 1820 ;
284 1780 379 1814 ende
407 1789 568 1822 quamen
587 1780 682 1814 huut
698 1780 851 1824 hooghe
869 1780 1108 1824 Almaengen
1121 1783 1159 1815 te
1178 1782 1347 1816 Brabant
1362 1785 1480 1816 waert
1505 1784 1710 1818 treckende
1730 1797 1738 1826 ;

98 1837 194 1870 ende
211 1835 342 1870 achter
353 1836 415 1870 die
428 1839 530 1870 secte
547 1845 624 1870 was
640 1836 846 1870 treckende
863 1835 938 1869 alle
956 1838 1154 1871 manieren
1178 1847 1248 1872 van
1266 1838 1500 1882 gheraepten
1524 1840 1736 1875 volcxkine.

99 1891 204 1925 Ende
221 1891 264 1933 zij
280 1890 528 1924 ontcleedden
544 1890 632 1924 hem
645 1900 738 1924 voor
754 1892 801 1924 de
817 1889 956 1931 lieden,
968 1891 1064 1924 ende
1080 1893 1124 1934 zij
1144 1892 1329 1936 sloughen
1347 1892 1434 1926 hem
1449 1893 1578 1928 zelven
1595 1896 1738 1929 metten

98 1946 282 1990 gheselen
295 1954 385 1979 over
403 1945 448 1979 de
462 1946 734 1987 scoudren,dat
745 1947 788 1988 zij
807 1954 922 1988 zepen
941 1947 1086 1980 vanden
1100 1946 1247 1981 bloede.
1262 1948 1368 1981 Ende
1382 1948 1596 1983 hemlieden
1604 1949 1739 1984 'volch-

98 2002 170 2036 den
195 2001 360 2043 lodders,
388 2002 547 2044 putiers,
582 2002 730 2042 dieven‚
761 2001 968 2045 loddighen
1001 2003 1259 2037 mordenaers.
1291 2004 1396 2037 Ende
1432 2005 1475 2046 zij
1502 2004 1631 2039 hilden
1656 2005 1738 2040 vele

97 2058 253 2101 pointen
275 2067 346 2091 van
363 2056 738 2100 onghelovicheden3
763 2059 864 2091 want
887 2058 930 2100 zij
953 2058 1124 2092 anbeden
1151 2059 1229 2092 niet
1252 2059 1316 2092 dat
1332 2059 1496 2103 heleghe
1512 2063 1737 2103 sacrament,

97 2113 153 2147 als
168 2114 273 2146 ment
288 2113 478 2146 sacreirde
493 2113 588 2146 ende
613 2112 746 2155 uphief
776 2113 816 2146 in
841 2113 887 2147 de
918 2112 1082 2157 heleghe
1110 2123 1244 2154 messe,
1274 2114 1371 2148 noch
1399 2116 1442 2157 zij
1461 2124 1508 2149 en
1532 2116 1736 2158 bewijsden

95 2169 243 2213 gheene
259 2159 496 2202 werdichede
520 2167 592 2201 den
620 2168 813 2210 priesters.
845 2169 951 2202 Ende
978 2170 1119 2212 zeyden
1137 2180 1217 2210 ooc,
1243 2171 1305 2203 dat
1323 2171 1366 2212 zij
1386 2180 1460 2203 xxx
1478 2170 1629 2214 daghen
1645 2172 1735 2206 dese

95 2224 310 2267 penitencie
349 2223 522 2266 ghedaen
561 2223 723 2264 hadden,
756 2233 822 2257 zoo
862 2224 1011 2258 hadden
1051 2226 1094 2267 zij
1135 2226 1308 2259 verdient
1346 2225 1600 2260 verlatenesse
1638 2227 1736 2262 ende

95 2278 412 2322 quijtsceldinghe
427 2288 498 2313 van
515 2277 616 2312 allen
633 2279 777 2312 zouden
794 2279 889 2313 ende
902 2279 991 2322 pine
1011 2279 1080 2313 der
1095 2280 1238 2313 zonden
1258 2291 1266 2321 ς
1292 2280 1409 2314 huten
1433 2280 1556 2315 welke
1573 2281 1659 2322 alle,
1673 2283 1735 2317 die

94 2336 216 2378 quaed
232 2344 372 2375 waren,
390 2334 707 2370 achtervolchden
732 2334 819 2369 hem
837 2346 846 2376 ς
873 2335 969 2369 ende
993 2336 1039 2369 de
1055 2345 1174 2378 paeus
1197 2337 1292 2370 dede
1308 2336 1396 2370 dese
1420 2337 1617 2372 voorseide
1633 2340 1734 2373 secte

95 2394 133 2426 te
157 2391 271 2425 niete.

139 2447 357 2491 Sommighe
370 2448 551 2481 meesters
564 2447 602 2480 in
619 2447 886 2489 astronomyen
902 2447 963 2480 die
976 2446 1232 2490 voorspraken
1246 2448 1309 2480 dat
1322 2448 1360 2480 in
1375 2447 1447 2481 den
1458 2448 1540 2490 jare
1555 2449 1732 2493 xiijexlvj‚

94 2503 150 2537 als
166 2503 230 2537 dat
246 2504 386 2537 binnen
402 2504 436 2545 vj
453 2503 561 2545 Jaren
585 2503 727 2536 zouden
759 2502 961 2546 ghevallen
985 2501 1067 2536 vele
1096 2502 1320 2545 oorloghen,
1338 2502 1421 2537 vele
1444 2503 1623 2547 wijghen‚
1648 2505 1732 2540 vele

94 2560 294 2601 contrarye
310 2558 428 2592 zaken
458 2558 643 2591 skerstins
669 2557 831 2601 ghelove
861 2558 957 2592 ende
991 2558 1226 2601 dyverschen
1259 2558 1484 2601 ghescillen,
1517 2559 1564 2593 de
1588 2559 1730 2595 heeren

92 2613 233 2657 jeghen
256 2614 512 2658 tghemeente‚
541 2614 632 2647 daer
659 2613 741 2647 vele
770 2613 1117 2657 bloetsturtinghen
1143 2614 1181 2646 of
1204 2614 1320 2656 rijsen
1346 2614 1501 2654 zouden,
1534 2615 1630 2648 ende
1648 2615 1731 2649 vele

92 2669 243 2704 vremde
274 2670 402 2704 secten
432 2670 574 2704 zouden
599 2670 670 2703 dan
701 2679 751 2712 up
783 2670 898 2711 rijsen
917 2680 926 2710 τ,
966 2670 1061 2704 ende
1101 2670 1165 2702 dat
1197 2668 1271 2702 viel
1304 2668 1339 2703 al
1371 2678 1486 2710 waer,
1523 2671 1624 2703 want
1658 2671 1729 2705 doe

93 2724 328 2768 beghonsten
343 2725 581 2765 Lollaerden,
600 2726 782 2758 Zwesters
800 2725 895 2758 ende
913 2726 1046 2758 Zuster
1066 2725 1186 2758 Luten
1203 2725 1299 2759 ende
1314 2725 1455 2758 andere
1472 2725 1729 2759 Broederkins

94 2789 163 2813 van
179 2780 392 2823 ghelijcker
409 2782 521 2821 secte,
540 2781 636 2814 ende
667 2780 738 2814 doe
771 2789 933 2822 quamen
965 2780 1027 2814 die
1052 2779 1311 2820 Gheeselaers,
1341 2780 1403 2813 die
1430 2780 1731 2816 Crucebroeders

94 2836 273 2870 voorseit.

138 2892 180 2925 In
205 2892 276 2926 den
299 2893 405 2934 jaere
429 2892 512 2934 xiijo
540 2892 565 2932 l,
584 2892 679 2925 doen
697 2901 773 2926 was
785 2893 898 2936 groot
921 2892 1034 2926 oflaet
1057 2893 1095 2926 te
1111 2892 1271 2932 Roome,
1289 2891 1385 2926 ende
1395 2893 1529 2936 groote
1541 2892 1731 2927 menichte

94 2957 164 2980 van
179 2947 312 2982 volcke
329 2947 524 2991 ghinghen
542 2949 579 2980 te
603 2947 748 2981 Roome
761 2957 883 2981 omme
900 2949 937 2981 te
954 2947 1218 2991 vererijghene
1243 2958 1266 2981 α
1277 2957 1378 2991 pena
1390 2946 1501 2991 cuspa
1520 2959 1528 2988 ;
1547 2949 1648 2981 want
1663 2948 1730 2982 het

94 3012 170 3036 was
183 3002 253 3037 wel
270 3012 341 3036 van
358 3003 518 3045 nooden,
532 3006 633 3037 want
647 3002 797 3038 menich
814 3003 991 3038 mensche
1009 3013 1085 3038 was
1110 3005 1299 3038 verwaten
1319 3003 1414 3038 ende
1430 3003 1469 3037 in
1492 3012 1627 3047 spaeus
1652 3005 1723 3038 ban
