2050 3470
855 243 990 276 ANNO
1019 243 1104 275 1329
1748 246 1787 278 91

149 355 374 401 Fransche
410 354 646 410 koningen‚
693 352 806 410 zijne
840 356 1092 405 voorzaten,
1131 353 1301 397 hebben
1335 354 1390 411 bij
1427 355 1574 399 hunne
1610 355 1781 400 edicten

152 425 274 482 altijd
297 424 445 467 willen
469 423 709 473 erkennen‚
734 422 807 465 dat
840 422 892 465 de
917 423 1202 479 inquisiteurs
1236 423 1325 467 hun
1351 423 1469 467 ambt
1503 425 1582 482 vrij
1620 430 1789 469 moeten

152 493 399 538 uitoefenen
423 506 531 535 naar
554 491 640 535 luid
664 492 740 534 der
758 491 979 534 volmacht
1002 492 1091 534 hun
1116 492 1224 535 door
1248 492 1329 535 den
1354 493 1409 536 H.
1431 492 1545 536 Stoel
1573 508 1786 550 gegeven.

152 563 214 619 Op
227 562 413 606 verzoek
431 574 515 604 van
535 561 617 604 den
635 561 957 604 voornoemden
978 561 1241 616 inquisiteur
1261 560 1540 618 bekrachtigt
1558 562 1610 606 de
1627 563 1793 620 koning

152 632 255 675 deze
277 630 535 687 bepalingen
560 643 612 672 en
647 628 818 673 beveelt
845 629 901 687 hij
928 630 1152 686 nogmaals
1191 630 1511 688 uitdrukkelijk
1547 645 1628 674 aan
1662 632 1703 674 al
1743 632 1794 675 de

152 698 432 756 rechterlijke
469 697 750 742 ambtenaren
788 712 873 741 van
914 699 999 756 zijn
1039 699 1290 756 koninkrijk
1325 700 1408 742 den
1443 699 1723 756 inquisiteurs
1751 705 1794 745 te

151 768 485 825 gehoorzamen.
514 767 734 817 willende.
762 772 860 824 zegt
886 768 965 824 hij,
1004 768 1078 811 het
1112 767 1345 811 voorbeeld
1378 768 1517 826 zijner
1538 774 1792 824 voorzaten,

152 851 205 880 en
225 837 538 894 voornamelijk
555 851 640 879 van
664 837 746 879 den
771 837 960 893 heiligen
981 837 1222 894 Lodewijk‚
1251 842 1319 880 ter
1342 837 1690 895 ondersteuning
1707 853 1793 882 van

151 905 301 963 geloof
337 921 390 950 en
430 906 656 962 Inquisitie
693 905 867 961 volgen.
911 906 978 949 Dit
1013 906 1122 950 alles
1166 905 1551 963 overeenkomstig
1589 912 1677 952 met
1717 908 1795 952 het

150 976 362 1019 canoniek
384 990 436 1019 en
457 973 696 1031 burgerlijk
715 975 841 1017 recht
865 988 917 1017 en
937 979 1023 1017 met
1042 975 1116 1018 het
1135 974 1246 1018 edict
1269 975 1506 1031 Cupientes
1524 990 1609 1019 van
1627 976 1795 1035 koning

152 1044 377 1102 Lodewijk
400 1045 481 1088 IX.
509 1045 597 1088 Ten
632 1044 764 1087 slotte
797 1044 1003 1099 herroept
1025 1044 1078 1086 de
1103 1044 1268 1100 koning
1295 1045 1379 1087 alle
1403 1058 1613 1102 vroegere
1636 1047 1794 1090 ordon-

153 1113 351 1166 nantien,
373 1113 440 1157 die
458 1116 546 1158 met
568 1113 671 1156 deze
695 1116 890 1156 statuten
914 1113 958 1155 in
983 1113 1110 1170 strin
1134 1113 1301 1156 zouden
1324 1114 1429 1170 ziJn.

196 1224 388 1267 Philippe,
405 1234 474 1267 par
491 1224 528 1257 la
544 1233 658 1267 grace
675 1223 720 1256 de
742 1224 837 1256 Dieu
856 1232 943 1265 roys
961 1224 1006 1256 de
1024 1223 1317 1263 Fra11‹ze‚savoir
1336 1225 1477 1257 saisons
1494 1226 1516 1258 a
1528 1226 1625 1266 tous,
1638 1226 1793 1268 presens

151 1282 190 1314 et
205 1281 227 1313 a
243 1281 363 1320 venir,
393 1289 465 1322 que
483 1279 671 1322 religieux
689 1279 839 1312 homme
857 1281 895 1311 et
919 1278 1103 1311 honneste
1120 1280 1221 1312 frere
1242 1279 1371 1321 Henry
1391 1280 1438 1313 de
1455 1280 1631 1324 Chamay‚
1650 1282 1697 1314 de
1714 1280 1796 1313 l'or-

153 1337 220 1370 dre
251 1336 316 1369 des
340 1336 578 1378 prescheurS,
608 1336 836 1377 inquisiteur
864 1345 928 1368 sur
961 1335 996 1367 le
1023 1335 1141 1368 crime
1169 1335 1215 1368 de
1244 1335 1393 1369 heresie
1423 1337 1561 1379 depute
1590 1346 1636 1370 en
1668 1339 1795 1371 nostre

152 1405 345 1440 royaume,
363 1395 385 1426 a
401 1393 629 1426 Carcassone
646 1392 825 1429 resident,
846 1391 950 1424 Nous
977 1399 998 1423 a
1023 1391 1191 1424 monstre
1217 1393 1255 1423 et
1276 1392 1453 1433 presente
1481 1401 1646 1426 aucunes
1662 1392 1795 1426 lettres

150 1452 196 1485 de
215 1461 282 1485 nos
299 1450 588 1493 predecesseurs
603 1446 701 1489 jadis
714 1455 800 1490 roys
814 1446 860 1479 de
879 1446 1036 1486 France,
1051 1448 1257 1479 contenans
1274 1447 1461 1481 certaines
1474 1447 1620 1481 clauses
1637 1449 1676 1481 et
1693 1457 1793 1482 man-

149 1508 304 1541 demens
328 1514 375 1539 en
398 1501 530 1538 faveur
547 1503 593 1536 de
618 1502 655 1536 la
672 1503 735 1544 foy
761 1501 977 1543 catholique
1002 1502 1041 1535 et
1057 1502 1103 1534 de
1120 1501 1257 1535 l'office
1285 1502 1331 1535 de
1356 1502 1618 1544 l’inquisition,
1637 1505 1794 1538 ottroies

145 1571 215 1606 par
244 1561 386 1595 nosdits
414 1567 647 1597 encesseurs,
678 1557 881 1599 lesquelles
911 1557 1059 1590 clauses
1089 1557 1127 1589 et
1155 1557 1398 1590 mandemens
1427 1557 1519 1591 ledit
1537 1559 1639 1592 frere
1667 1558 1797 1603 Henry

148 1627 242 1651 nous
260 1626 282 1650 a
298 1615 447 1649 baillies
463 1623 533 1656 par
556 1613 696 1655 escript
712 1613 916 1646 contenant
934 1612 971 1645 la
987 1613 1135 1645 fourme
1154 1612 1218 1654 qui
1233 1612 1388 1645 s'ensuit
1409 1623 1416 1644 ε

193 1671 502 1706 Premierement.
526 1669 631 1708 Quod
650 1668 794 1708 domus,
813 1668 962 1710 plateae
983 1668 1020 1701 et
1047 1667 1130 1700 loca
1147 1668 1184 1700 in
1215 1668 1352 1709 quibus
1369 1668 1546 1702 haereses
1576 1669 1703 1702 tautae
1719 1670 1797 1703 fue-

148 1730 249 1768 runt,
279 1727 480 1760 diruantur
508 1725 544 1758 et
573 1732 765 1765 nunquam
795 1725 927 1766 postea
958 1723 1242 1763 reedificentur,
1273 1724 1337 1756 sed
1365 1726 1549 1766 perpetuo
1578 1725 1798 1766 subjaceant

148 1781 422 1824 sterquilineae
438 1779 590 1812 vilitati.

193 1837 301 1871 Item.
321 1835 428 1874 Quod
446 1835 514 1868 filii
533 1834 813 1867 haereticorum
830 1835 895 1867 aut
908 1834 1066 1876 nepotes
1081 1834 1301 1866 eorumdem
1319 1834 1384 1866 aut
1400 1834 1565 1876 suspecti
1579 1835 1625 1867 de
1642 1834 1791 1869 haeresi

149 1901 215 1926 seu
232 1892 347 1925 etiam
363 1889 547 1923 diffamati
565 1889 603 1921 in
622 1887 786 1921 balliviis
813 1889 851 1922 et
878 1887 962 1921 aliis
980 1887 1142 1930 publicis
1166 1887 1301 1920 officiis
1325 1888 1481 1921 minime
1499 1889 1713 1929 teneantur,
1732 1890 1798 1923 sed

150 1947 329 1982 continuo
347 1945 512 1978 habeant
528 1944 706 1977 amoveri.

191 2003 300 2036 Item.
319 2000 426 2040 Quod
450 2009 579 2033 murus
596 1998 859 2040 Inquisitionis
878 1998 1145 2039 carcassonae,
1164 1998 1228 2031 ubi
1246 1997 1431 2031 haeretici
1449 1998 1679 2040 detinentur,
1699 2010 1791 2042 quo-

147 2060 245 2093 tiens
261 2067 354 2100 opus
371 2056 499 2096 fuerit,
518 2057 717 2097 reparetur
743 2055 789 2088 de
818 2055 980 2097 pecunia
1008 2055 1138 2096 regia3
1157 2055 1195 2087 et
1212 2063 1342 2087 omnes
1357 2053 1427 2093 illi,
1447 2064 1540 2096 quos
1566 2056 1795 2090 senescallus

148 2112 452 2148 Carcassonensis
479 2112 625 2153 partem
650 2110 870 2143 incursuum
886 2111 1058 2152 recipere
1086 2110 1246 2149 noverit,
1266 2108 1544 2151 compellantur
1561 2120 1629 2152 per
1645 2120 1731 2144 eum
1749 2112 1795 2144 ad

147 2167 462 2204 contribuendum
493 2167 531 2199 in
560 2166 733 2208 expensis
765 2165 994 2207 hujusmodi,
1027 2165 1164 2206 quibus
1196 2174 1264 2206 pro
1298 2166 1381 2198 rata
1408 2173 1476 2198 sua
1505 2167 1619 2206 prout
1648 2166 1694 2198 ad
1725 2166 1797 2199 hoc

150 2223 340 2258 monuerit
359 2232 423 2256 eos
440 2222 577 2255 teneri.

194 2279 303 2313 Item.
323 2278 429 2317 Quod
447 2286 576 2310 omnes
592 2277 630 2309 et
646 2276 788 2319 singuli
806 2277 931 2315 duces,
962 2275 1134 2315 comites,
1154 2275 1327 2314 baroneS,
1355 2275 1469 2308 etiam
1488 2275 1699 2316 senescalli,
1720 2276 1799 2309 bal-

149 2336 228 2376 livi,
248 2333 469 2377 praepositi,
486 2332 632 2371 vicarii,
652 2331 864 2372 castellani,
892 2331 1013 2373 bajuli
1031 2331 1250 2372 caeterique
1266 2331 1468 2371 justiciarii
1487 2332 1597 2374 regni
1614 2332 1798 2366 Franciae

150 2390 434 2433 inquisitoribus
452 2388 667 2421 haereticae
684 2387 881 2429 pravitatis
899 2388 936 2420 et
953 2395 1086 2420 eorum
1108 2386 1381 2419 commissariis
1399 2386 1563 2420 habeant
1587 2387 1741 2421 obedire
1758 2389 1797 2422 in

150 2446 355 2489 capiendis,
385 2443 570 2483 tenendis,
599 2442 868 2483 custodiendis,
892 2444 929 2475 et
957 2443 1004 2474 ad
1032 2450 1206 2475 carceres
1237 2441 1466 2474 adducendis
1498 2441 1797 2485 quibuscumque

150 2500 352 2534 haereticis
370 2502 434 2533 aut
450 2499 496 2533 de
513 2499 662 2532 haeresi
680 2499 876 2540 suspectis,
894 2500 932 2530 et
949 2499 1117 2540 ipsorum
1148 2498 1416 2539 inquisitorum
1435 2499 1641 2532 sententias
1659 2501 1795 2542 exequi

149 2555 367 2599 diligenter,
387 2564 532 2589 necnon
550 2555 605 2588 eis
623 2555 803 2587 eteorum
828 2554 1095 2586 commissariis
1123 2554 1160 2586 et
1187 2553 1333 2586 nunciis
1352 2555 1546 2595 praestare
1569 2554 1794 2588 conductum

151 2620 338 2650 securum,
367 2611 581 2654 promptum
614 2609 797 2642 auxilium
829 2610 867 2642 et
894 2610 1063 2642 favorem
1097 2617 1166 2651 per
1198 2610 1315 2642 totam
1350 2610 1490 2642 terram
1520 2609 1796 2651 jurisdictionis

153 2675 284 2700 eorum
300 2666 338 2698 in
356 2666 540 2703 omnibus,
560 2674 655 2706 quae
673 2666 844 2706 spectant
868 2664 913 2697 ad
931 2664 1049 2706 ipsius
1066 2663 1331 2705 Inquisitionis
1350 2664 1546 2707 negotium
1560 2665 1598 2698 et
1614 2665 1796 2699 officium.

153 2722 184 2755 si
209 2721 358 2763 quando
374 2722 411 2753 et
426 2721 600 2762 quotiens
614 2720 659 2752 ab
678 2719 732 2753 eis
747 2719 888 2753 fuerint
904 2719 1091 2761 requisiti.

195 2777 304 2810 Item.
324 2776 429 2815 Quod
446 2785 519 2808 non
533 2775 695 2808 intendit
707 2784 803 2807 unus
821 2775 1008 2811 dictorum
1026 2784 1159 2817 regum
1182 2783 1250 2816 per
1262 2782 1517 2815 quascumque
1536 2773 1679 2814 literas,
1698 2783 1793 2816 quae

152 2841 175 2865 a
189 2841 257 2866 sua
272 2832 530 2865 emanaverint
557 2831 675 2869 curia,
707 2830 968 2872 Inquisitionis
992 2831 1158 2862 officium
1185 2829 1423 2871 aliquatenus
1441 2830 1630 2871 impediri,
1649 2830 1793 2871 quomi-

151 2896 220 2920 nus
236 2886 480 2929 inquisitores
495 2885 531 2918 in
549 2895 616 2918 suo
641 2884 891 2929 procederent
907 2885 1031 2918 officio
1047 2885 1155 2927 juxta
1173 2885 1478 2919 commissionem
1503 2893 1525 2918 a
1542 2885 1631 2918 sede
1649 2887 1794 2928 aposto·

152 2941 225 2977 lica
240 2943 295 2976 eis
314 2943 467 2975 factam.
