2050 3470
804 240 942 274 ANNO
969 240 1053 274 1418
1695 243 1760 278 200

116 348 393 392 periculosiora
422 350 576 392 possent
603 350 733 392 sequi3
762 350 904 384 idcireo
929 351 974 383 ad
993 350 1263 385 exaltationem
1281 351 1368 385 fidei
1394 353 1430 385 et
1455 353 1625 386 veritatis
1641 354 1759 387 mani-

114 407 363 440 festacionem
381 407 418 439 in
436 406 507 440 hac
531 408 651 448 parte,
667 407 941 440 communicato
965 407 1123 440 consilio
1141 407 1347 440 multorum
1359 409 1397 441 in
1413 410 1545 442 eadem
1563 409 1760 452 theologia

114 463 153 496 et
175 462 294 501 sacris
319 462 527 494 canonibus
552 463 821 505 magistrorum
851 464 889 495 et
917 464 1126 502 doctorum,
1146 472 1290 495 necnon
1315 463 1476 496 aliorum
1495 465 1702 506 peritorum
1722 466 1761 497 et

112 517 378 557 discretorum,
408 527 477 559 per
513 517 609 550 hane
649 519 816 551 nostram
849 518 1089 550 dissinitinam
1118 519 1360 559 sententiam,
1402 528 1513 559 quam
1553 528 1622 560 per
1658 519 1758 551 vocis

114 582 300 615 organum
330 574 636 605 reverendissimi
662 574 780 614 patris
798 574 938 605 domini
964 572 1162 613 ‚Iohannis
1182 573 1397 614 patriarche
1415 573 1759 614 Constantinopoli-

113 628 206 669 tanj,
226 629 264 660 et
277 628 322 660 de
341 629 470 660 nostro
484 638 667 661 consensu
683 630 720 661 et
738 627 942 667 voluntate,
958 637 1102 660 necnon
1121 628 1234 660 etiam
1251 628 1358 669 Juxta
1371 628 1674 660 commissionem
1692 637 1760 668 per

113 681 307 714 dominum
339 684 510 715 nostrum
535 692 670 725 papam
696 683 900 716 Mai-tinum
930 685 1005 715 tam
1031 684 1115 716 viue
1132 685 1234 716 vocis
1262 684 1415 717 oraculo
1446 686 1483 716 et
1501 684 1539 716 in
1553 685 1758 717 audientiis

113 736 190 769 suis
206 736 369 778 publicis
395 746 505 778 quam
524 738 561 769 in
587 738 738 779 scriptis
762 740 899 771 factam
928 739 1085 771 serimus
1103 739 1141 772 in
1166 739 1241 780 hijs
1269 739 1433 780 scriptis,
1452 739 1756 780 pronuntiamus,

113 791 354 825 decernimus
383 794 421 825 et
449 792 686 825 declaramus
718 794 907 835 prefatum
939 794 1165 836 magistrum
1205 794 1405 828 Nicolaum
1433 793 1495 826 hic
1527 796 1757 835 presentem,

112 855 241 879 coram
259 847 367 880 nobis
384 848 505 889 ipsum
531 848 713 889 populum
738 850 775 882 et
801 849 996 890 potissime
1021 849 1224 891 simplices,
1241 849 1279 881 in
1305 849 1458 881 ciuitate
1485 849 1521 881 et
1547 849 1759 881 diocesibus

110 901 306 944 predictis,
333 911 402 943 per
415 901 631 935 huiusmodi
656 905 851 945 protensas
869 905 1148 946 predicationes
1166 907 1204 937 et
1217 903 1554 946 dogmatizationcs
1572 903 1760 936 fallaciter

110 956 297 997 docuisse,
316 957 493 990 infecisse
518 959 556 990 ct
581 959 619 990 in
645 959 862 991 scandalum
889 960 1048 992 ecclesie
1077 962 1115 993 et
1144 960 1276 992 contra
1301 958 1501 991 veritatem
1528 958 1617 991 fidei
1647 959 1759 999 atque

109 1011 296 1044 bonorum
322 1022 471 1045 morum
495 1013 815 1054 periculosissime
841 1015 1035 1047 seduxisse
1060 1016 1097 1047 et
1127 1013 1390 1047 commouisse.

157 1082 172 1094 ιι
189 1068 237 1101 Et
254 1068 342 1109 quia
356 1068 611 1109 quorumlibet
626 1069 851 1101 delictorum
870 1070 1031 1110 qualitas
1049 1072 1085 1102 et
1103 1070 1294 1110 quantitas
1312 1069 1576 1109 inspiciuntur,
1597 1068 1634 1099 et
1649 1068 1758 1109 Juxta

112 1122 198 1156 illas
231 1123 441 1164 penitentia
478 1123 680 1164 indicatur,
707 1125 791 1157 ideo
821 1126 986 1165 pensatis
1019 1126 1191 1157 omnibus
1223 1124 1485 1157 interdicimus
1517 1123 1602 1162 sibi,
1636 1123 1759 1163 quoad

112 1177 263 1217 vixerit,
293 1178 468 1211 ciuitates
495 1180 532 1211 et
561 1179 730 1211 dioceses
759 1179 1038 1211 Tornacensem
1068 1182 1105 1211 et
1131 1180 1443 1211 Gamerae-ensem
1472 1178 1695 1217 antedictas,
1722 1180 1760 1211 et

112 1242 261 1265 omnem
286 1234 485 1276 regionem
502 1234 795 1274 circumquaque
813 1235 1032 1276 contiguam
1057 1235 1158 1266 infra
1175 1234 1334 1275 triginta
1359 1233 1498 1272 leucas,
1519 1242 1561 1266 ac
1578 1233 1759 1265 diocesim

111 1291 150 1321 et
166 1289 361 1321 ciuitatem
376 1289 632 1321 Parisiensem
648 1299 716 1330 per
733 1290 863 1322 decem
888 1299 1018 1329 annos,
1041 1298 1062 1322 a
1087 1289 1147 1321 die
1173 1289 1448 1330 acceptacionis
1465 1288 1657 1321 sentencie
1675 1297 1760 1320 con-

110 1343 215 1376 tinue
233 1345 556 1384 numerandos‚ne
574 1345 620 1377 ad
639 1354 702 1377 eas
716 1345 892 1386 deinceps
910 1345 1065 1377 accedat
1081 1344 1139 1377 vel
1154 1345 1254 1385 ipsas
1271 1344 1447 1386 attingat,
1459 1343 1592 1384 quouis
1611 1343 1758 1383 quesito

111 1399 253 1441 colore,
287 1400 355 1432 sub
388 1409 485 1441 pena
523 1402 706 1441 perpetue
738 1400 1069 1439 incarceracionis‚
1105 1400 1186 1432 sine
1219 1408 1284 1440 spe
1319 1399 1479 1431 alicuius
1508 1399 1756 1438 remissionis,

110 1455 401 1496 remissionique
416 1456 462 1488 ad
476 1455 668 1489 brachium
688 1455 872 1496 seculare,
888 1458 1072 1497 quatenus
1084 1455 1182 1497 juris
1198 1455 1329 1496 scripti
1345 1455 1436 1486 ordo
1451 1454 1522 1486 hoc
1536 1455 1759 1495 exposceret

111 1511 191 1543 siue
208 1511 461 1552 permitteret,
481 1520 626 1544 necnon
646 1511 729 1553 aliJs
745 1511 840 1553 J'uris
858 1512 965 1552 penis
984 1511 1298 1552 quibuscumque,
1317 1519 1409 1550 quas
1427 1518 1470 1542 eo
1488 1509 1569 1550 ipso
1586 1509 1758 1542 incurrat

111 1567 150 1598 et
165 1566 372 1599 incurrisse
391 1569 581 1606 noscatur,
601 1567 632 1598 si
647 1568 779 1599 contra
792 1567 938 1599 fecerit.

159 1635 175 1648 κ
190 1620 344 1661 Verum,
364 1622 451 1662 quia
470 1632 516 1654 ex
542 1621 734 1654 nonnullis
751 1622 980 1654 coniecturis
997 1623 1035 1654 et
1053 1621 1171 1664 signis
1185 1620 1439 1653 exterioribus
1457 1620 1564 1652 nobis
1582 1619 1758 1660 apparuit

111 1678 149 1710 et
166 1678 324 1718 apparet
341 1677 387 1709 de
405 1678 600 1718 premissis
629 1678 822 1710 erroribus
840 1680 878 1710 et
902 1677 986 1719 alijs
1012 1677 1200 1710 scandalis
1226 1678 1264 1709 et
1292 1676 1445 1708 offensis
1463 1685 1531 1717 per
1554 1684 1640 1708 cum
1658 1684 1756 1707 com-

110 1732 235 1764 missis
249 1732 518 1765 contritionem
535 1731 677 1765 habere
703 1737 740 1764 et
764 1736 1031 1773 compunctum
1050 1741 1144 1771 esse,
1165 1733 1202 1764 ct
1218 1740 1354 1772 penam
1372 1732 1484 1770 atque
1508 1730 1756 1771 penitentiam

109 1796 178 1829 per
191 1796 259 1819 nos
273 1787 343 1819 sibi
358 1796 425 1828 pro
441 1788 651 1819 commissis
665 1789 868 1828 propterea
883 1787 1089 1820 salubriter
1104 1787 1370 1828 imponendam
1384 1795 1423 1817 se
1439 1785 1535 1817 velle
1549 1785 1755 1826 suscipere,

108 1851 255 1875 necnon
288 1852 356 1884 pro
388 1843 532 1875 viribus
565 1843 788 1884 adimplere,
820 1845 857 1876 et
875 1843 973 1884 quod
994 1842 1129 1875 adhoc
1147 1842 1261 1874 etiam
1287 1842 1419 1882 sponte
1439 1849 1477 1872 se
1503 1839 1689 1881 submisit,
1718 1843 1756 1872 et

109 1898 337 1939 scripturam
361 1907 474 1940 super
491 1898 562 1930 hoc
591 1899 843 1940 conscriptam
872 1908 986 1930 manu
1011 1907 1078 1930 sua
1106 1898 1260 1939 propria
1285 1906 1324 1929 se
1349 1895 1572 1936 subscripsit
1595 1895 1634 1927 in
1652 1895 1754 1927 testi-

109 1953 277 1985 monium
296 1953 484 1994 veritatis3
506 1954 621 1986 etiam
649 1954 959 1986 consideracione
977 1953 1205 1986 venerabilis
1223 1952 1341 1993 patris
1355 1951 1497 1984 domini
1511 1950 1702 1993 generalis
1716 1952 1754 1983 et

109 2009 368 2049 procuratoris
397 2009 486 2041 dieti
524 2010 680 2050 ordinis,
712 2020 751 2041 se
779 2010 988 2050 prudenter
1016 2008 1364 2050 interponentium;
1397 2008 1602 2048 eapropter
1630 2006 1752 2046 ipsum

109 2065 335 2107 magistrum
365 2064 564 2097 Nicolaum
593 2065 816 2106 Sermrarij,
851 2065 897 2097 ad
922 2064 1316 2097 anathematizandum
1348 2062 1686 2101 detestamlumque
1715 2063 1753 2093 et

110 2119 367 2152 reuocandum
383 2120 502 2152 dictos
529 2120 670 2162 xxviij.
691 2120 871 2153 articulos
887 2120 995 2161 juxta
1018 2120 1181 2151 sormam
1210 2118 1370 2150 inferius
1387 2118 1604 2149 adnotatam
1621 2118 1659 2148 et
1674 2116 1751 2157 jam

110 2174 233 2215 primo
251 2174 388 2208 lectam
414 2175 459 2208 de
478 2177 603 2208 mente
630 2177 667 2208 et
692 2184 877 2208 consensu
896 2175 1083 2207 dictorum
1102 2174 1341 2206 dominorum
1357 2172 1525 2214 judicum
1551 2173 1589 2204 et
1613 2171 1751 2212 prefati

109 2229 251 2262 domini
276 2229 492 2271 patriarche
510 2230 917 2272 Constantinopolitani
935 2230 1110 2272 specialis
1128 2228 1374 2269 commissarij
1394 2229 1526 2260 contra
1542 2226 1752 2268 predictam

110 2287 251 2317 sectam
265 2285 448 2326 deputati,
464 2286 731 2318 concordatam
748 2286 898 2327 publice
913 2288 949 2318 et
967 2285 1201 2324 solemniter,
1216 2292 1374 2316 vnacum
1388 2282 1560 2314 doctrina
1574 2282 1750 2322 dampna-

108 2340 233 2372 torum
251 2339 438 2373 Johannis
462 2341 630 2383 WVycleff
644 2342 679 2373 ct
697 2341 882 2374 Johannis
908 2342 1034 2373 Huuss
1051 2342 1089 2373 et
1105 2349 1237 2373 eorum
1265 2339 1495 2379 sequacium,
1525 2337 1750 2369 anctoritate

109 2395 217 2428 nobis
248 2396 286 2428 in
311 2395 382 2429 hac
406 2397 513 2437 parte
538 2397 744 2438 peripsam
769 2398 1047 2429 sacrosanctam
1077 2396 1261 2437 synodum
1285 2395 1323 2427 et
1355 2393 1549 2425 dominum
1580 2393 1750 2424 nostrum

109 2461 244 2494 papam
263 2452 476 2490 commissa,
506 2452 621 2484 etiam
653 2452 692 2484 in
720 2453 794 2484 vim
813 2451 1074 2484 submissionis
1103 2460 1168 2483 suc
1185 2451 1291 2491 juxta
1316 2457 1426 2489 quam
1445 2449 1544 2480 visus
1562 2448 1619 2480 est
1636 2447 1751 2479 etiam

110 2508 236 2541 animo
268 2508 363 2540 bene
396 2507 606 2539 deliberato
635 2507 850 2549 appetiisse,
885 2508 922 2540 et
953 2518 992 2539 se
1018 2508 1144 2539 facere
1174 2505 1270 2537 velle
1303 2503 1542 2545 imponenda,
1576 2503 1751 2535 duximus

110 2563 386 2596 admittendum
405 2564 441 2595 et
466 2563 589 2604 ipsum
607 2563 652 2594 ad
670 2563 859 2605 gremium
884 2564 1012 2595 sancte
1030 2562 1162 2594 matris
1187 2560 1346 2593 ecclesie
1375 2559 1511 2591 deuote
1529 2558 1751 2591 redeuntem

110 2618 349 2660 suscipimus,
368 2619 405 2651 et
420 2619 465 2651 ab
480 2618 881 2651 excommunicationis
907 2617 1101 2651 sentencia
1117 2616 1365 2655 omnibusque
1383 2614 1466 2655 alijs
1484 2613 1751 2646 ecclesiasticis

111 2673 280 2706 censuris
297 2674 335 2706 et
358 2673 478 2715 penis,
505 2673 639 2714 quibus
664 2675 867 2715 propterea
883 2674 971 2706 ante
995 2672 1091 2705 hanc
1109 2673 1277 2704 nostram
1300 2670 1527 2702 sententiam
1552 2669 1752 2701 tenebatur

109 2729 299 2769 astrictus,
329 2728 575 2768 absoluimuS‚
605 2730 764 2770 excepta
787 2728 1024 2761 correctione
1056 2726 1226 2770 regulari
1244 2725 1301 2758 sui
1334 2725 1490 2765 ordinis,
1524 2728 1561 2757 et
1589 2723 1752 2756 eundem

109 2784 443 2817 communicationi
459 2784 540 2817 siue
558 2784 813 2817 communioni
830 2783 990 2817 ecclesie
1018 2781 1320 2820 reconciliamus,
1340 2780 1372 2812 si
1389 2781 1527 2821 tamen,
1547 2781 1583 2811 vt
1601 2778 1749 2820 asserit,

109 2839 157 2872 ad
173 2848 257 2873 cam
275 2849 371 2882 puro
389 2840 503 2873 corde
520 2839 679 2873 redierit
692 2841 730 2873 et
746 2839 1009 2882 permanserit,
1030 2840 1068 2871 et
1085 2836 1334 2879 penitentiam
1351 2844 1463 2876 quam
1482 2844 1549 2867 nos
1566 2834 1638 2866 sibi
1655 2833 1750 2865 salu-

110 2894 231 2928 briter
248 2894 482 2938 injungimus
495 2895 703 2938 peregerit,
721 2903 848 2928 secum
861 2895 899 2927 in
913 2893 983 2927 hac
997 2894 1105 2935 parte
1118 2890 1418 2925 misericorditer
1429 2890 1525 2932 juris
1538 2891 1753 2930 temperare

111 2958 178 2984 seu
207 2950 388 2994 mitigare
426 2951 595 2994 rigorem
627 2949 796 2985 volentes
831 2949 1080 2992 penitentiam
1107 2948 1179 2981 sibi
1213 2946 1479 2989 imponendam
1513 2945 1687 2978 duximus
1715 2945 1753 2976 et

1645 3005 1687 3038 14
