2050 3470
280 287 343 322 132
916 280 1051 315 ANNO
1078 279 1262 313 1349-1350

276 399 364 442 hun
388 394 616 440 voorbeeld
639 395 751 438 alom
770 392 954 450 gevolgd
992 391 1113 435 werd
1137 391 1271 434 onder
1292 390 1624 448 aanmoediging
1646 390 1724 434 der
1750 390 1895 435 bedel-

276 464 508 510 monniken
526 477 578 506 en
597 462 840 506 Lollarden.
863 461 921 518 Zij
944 461 1143 504 kwamen
1167 473 1220 516 op
1241 461 1372 515 tegen
1391 458 1634 516 kerkelijke
1656 458 1895 515 gebruiken

275 549 328 578 en
351 531 673 588 verkondigden
697 529 948 574 kettersche
980 527 1261 572 leerstelseIS.
1298 527 1405 571 Veel
1441 527 1720 584 misdadigers
1755 529 1895 572 sloten

274 603 367 646 zich
390 601 445 658 bij
471 602 557 644 hen
581 613 663 643 aan
685 612 754 642 om
778 596 1026 654 vergiffenis
1050 597 1224 640 hunner
1245 596 1411 639 zonden
1435 600 1478 640 te
1500 596 1708 640 bekomen
1732 611 1786 640 en
1810 600 1900 640 met

273 671 324 714 de
356 671 466 726 hoop
498 682 580 712 aan
604 668 655 711 de
678 670 774 724 pest
797 671 840 710 te
861 670 1148 722 ontsnappen.
1179 668 1238 709 De
1256 678 1362 721 paus
1382 664 1568 708 verbood
1589 666 1692 708 deze
1715 678 1898 721 gevaar-

272 739 376 796 lijke
407 745 524 782 secte
541 751 593 780 en
617 737 694 780 liet
717 736 768 779 de
787 735 998 791 priesters
1015 748 1067 777 en
1094 733 1348 784 monniken,
1375 733 1443 776 die
1465 734 1796 778 de'Geeselaars
1819 733 1898 792 bij-

269 808 468 864 gevallen
491 819 656 858 waren,
683 803 878 848 straffen.
905 802 1277 872 Sterrekundigen
1304 802 1477 846 hadden
1501 802 1541 846 al
1575 803 1643 846 die
1665 802 1896 847 beroerten

269 875 497 933 voorspeld
505 910 514 919 .

878 971 932 1005 De
958 970 1280 1015 Flayellatoribus.

311 1052 416 1085 Anno
436 1050 585 1083 Domini
604 1048 870 1089 MCCCXLIX‚
901 1049 1002 1082 circa
1025 1049 1177 1082 initium
1201 1049 1340 1081 mensis
1354 1048 1377 1082 J
1381 1049 1474 1089 unii,
1492 1048 1728 1091 pullularunt
1743 1049 1894 1091 quidam

267 1116 378 1140 cruce
395 1106 533 1149 signati
551 1106 638 1138 ante
666 1105 704 1137 et
720 1105 836 1143 retro.
863 1103 926 1144 qui
951 1112 990 1136 se
1023 1103 1124 1144 ipsos
1153 1102 1400 1145 flagellabant
1424 1103 1553 1136 nudati
1578 1112 1704 1136 coram
1732 1103 1894 1145 popu103

266 1162 523 1203 veneruntque
541 1160 586 1193 de
611 1159 820 1192 confinibus
851 1158 1096 1191 Alemanniae
1114 1159 1152 1191 et
1171 1158 1412 1191 Brabantiae.
1437 1158 1485 1191 Et
1500 1158 1662 1200 ingressi
1680 1157 1896 1191 Flandriam

266 1226 333 1259 per
349 1215 517 1259 singulas
535 1214 645 1248 villas
662 1214 887 1247 incedebant
903 1222 943 1246 se
960 1214 1061 1256 ipsos
1076 1212 1320 1255 flagellando,
1341 1214 1379 1246 et
1396 1222 1507 1254 quam
1524 1213 1677 1255 plurimi
1691 1212 1894 1246 Flandren-

266 1281 324 1305 ses
341 1271 596 1313 sequebantur
611 1279 675 1303 eos
689 1270 727 1302 et
743 1269 859 1301 ritum
876 1277 1019 1302 eorum.
1040 1268 1087 1301 Et
1103 1268 1172 1301 hos
1190 1267 1467 1310 Flagellatores
1484 1269 1660 1301 fovebant
1683 1268 1895 1301 mendican-

264 1329 320 1360 tes
336 1328 484 1365 fratres,
504 1325 567 1367 qui
585 1334 625 1357 se
642 1324 835 1356 sociabant
852 1323 919 1363 eis,
935 1322 1006 1355 hoc
1022 1324 1080 1356 est
1093 1322 1274 1363 Lollardi,
1292 1323 1330 1355 et
1346 1323 1540 1366 fingebant
1554 1322 1737 1357 miracula
1748 1333 1817 1366 per
1830 1332 1894 1357 eos

265 1383 375 1421 facta,
401 1390 497 1422 quae
521 1379 660 1422 populo
685 1378 880 1411 mendacia
903 1378 1091 1418 dicebant,
1111 1379 1149 1411 et
1165 1378 1204 1410 in
1221 1378 1380 1410 ambone
1404 1377 1501 1410 sicut
1523 1377 1728 1418 quaestarii
1751 1386 1895 1410 annun-

263 1438 407 1470 tiabant
431 1438 469 1468 et
500 1435 779 1478 praedicabant,
809 1434 964 1475 propter
988 1433 1226 1466 commodum
1251 1433 1289 1465 et
1315 1432 1526 1475 temporale
1550 1432 1709 1468 lucrum.
1728 1432 1789 1466 Illi
1805 1441 1894 1466 vero

264 1492 543 1525 mentiebantur
570 1498 703 1523 novam
726 1488 850 1531 legem
868 1489 939 1521 sibi
964 1489 1118 1521 missam
1138 1489 1183 1521 de
1213 1488 1398 1530 superius,
1424 1488 1463 1520 in
1492 1496 1564 1528 qua
1587 1487 1764 1520 haereses
1787 1488 1895 1521 erant

262 1548 476 1589 inscriptae,
494 1545 671 1578 videlicet
687 1544 787 1585 quod
804 1544 868 1585 qui
898 1545 1035 1576 feriam
1059 1545 1203 1576 sextam
1230 1553 1305 1576 non
1330 1542 1566 1584 jejunabant,
1583 1542 1749 1575 damnati
1772 1542 1893 1584 erant,

262 1604 360 1645 quod
378 1602 514 1635 falsum
531 1602 599 1634 est.
620 1601 667 1633 Et
682 1600 754 1642 ipsi
779 1600 818 1632 in
836 1598 1005 1631 ecclesiis
1023 1598 1230 1631 existentes
1256 1607 1331 1630 non
1361 1597 1552 1630 faciebant
1574 1597 1825 1630 reverentiam
1849 1598 1895 1630 ad

262 1658 509 1692 elevationem
527 1656 696 1698 corporis
715 1655 854 1689 Christi
880 1662 948 1687 nec
967 1653 1099 1695 calicis
1114 1653 1152 1686 in
1176 1653 1302 1692 missa,
1330 1652 1419 1694 quia
1435 1661 1504 1685 nec
1527 1651 1670 1693 pileum
1692 1661 1761 1685 nec
1784 1661 1894 1695 capu-

261 1714 361 1747 cium
378 1712 601 1745 amovebant
618 1719 686 1743 ncc
703 1709 888 1742 flectendo
906 1717 1032 1751 genua
1047 1708 1147 1741 idem
1164 1717 1299 1749 corpus
1317 1707 1597 1740 sanctissimum
1614 1707 1831 1740 adorabant.
1849 1707 1894 1741 In

261 1769 422 1802 lectione
449 1766 624 1799 similiter
641 1765 761 1798 sancti
786 1763 1002 1806 Evangelii,
1021 1764 1109 1796 dum
1127 1762 1350 1796 solemniter
1367 1762 1568 1805 legebatur
1582 1763 1622 1795 in
1638 1762 1808 1802 ecclesia,
1827 1771 1895 1795 nec

260 1824 400 1867 pileum
414 1832 482 1856 nec
499 1821 696 1864 capucium
721 1819 959 1853 amovebant.
987 1819 1184 1858 Dicebant,
1210 1819 1309 1860 quod
1328 1818 1359 1850 si
1377 1817 1545 1851 XXXIII
1568 1817 1723 1858 vicibus,
1749 1817 1821 1850 hoc
1837 1819 1895 1851 est

260 1879 403 1918 diebus,
422 1886 507 1910 cum
523 1876 678 1908 dimidio
696 1874 757 1907 die
774 1874 869 1907 hanc
888 1873 1163 1915 poenitentiam
1179 1874 1305 1906 facere
1324 1874 1509 1915 poterant,
1528 1873 1695 1906 omnium
1717 1873 1892 1915 peccato—

261 1942 344 1966 rum
367 1940 520 1965 suorum
546 1928 824 1972 indulgentiam
844 1928 1077 1960 obtinebant.

303 1988 466 2029 Propter
483 1986 581 2027 quod
598 1984 792 2017 sociabant
809 1992 848 2015 se
867 1983 921 2016 eis
937 1983 1136 2024 utriusque
1160 1992 1271 2016 sexus
1296 1981 1482 2023 homines,
1508 1983 1684 2017 videlicet
1707 1983 1744 2016 et
1766 1982 1894 2017 mulie-

259 2052 342 2076 rum
359 2051 398 2075 se
412 2039 685 2083 flagellantium
701 2040 738 2072 et
762 2037 1049 2071 innumerabilis
1067 2037 1268 2071 multitudo
1284 2038 1467 2078 virorum,
1482 2038 1545 2079 qui
1558 2047 1598 2071 se
1610 2038 1771 2072 scientes
1783 2047 1892 2071 enor-

259 2098 375 2130 mium
389 2098 426 2130 et
441 2094 682 2128 horribilium
699 2093 847 2126 sarcina
863 2094 1040 2125 oneratos
1056 2092 1296 2133 delictorum,
1311 2093 1515 2126 credebant
1531 2092 1666 2126 dictam
1676 2093 1891 2136 peragendo

259 2151 528 2195 poenitentiam
546 2159 585 2182 se
602 2150 684 2182 fore
700 2147 969 2181 universaliter
985 2156 1007 2180 a
1030 2147 1235 2189 praedictis
1257 2148 1431 2181 omnibus
1448 2147 1637 2181 absolutos
1652 2158 1661 2190 ς
1685 2148 1776 2182 item
1792 2148 1890 2190 quod

259 2207 305 2241 de
332 2205 550 2249 pestilentia
566 2203 776 2246 epidemiae
803 2202 899 2234 mori
917 2211 992 2235 non
1009 2203 1198 2244 poterant,
1224 2203 1288 2244 qui
1305 2202 1403 2235 hanc
1418 2202 1689 2244 poenitentiam
1713 2203 1890 2246 adimple-

259 2263 370 2302 bant;
403 2261 468 2294 sed
496 2260 654 2293 mentita
679 2260 735 2292 est
759 2259 940 2300 iniquitas
969 2267 1036 2290 sua
1064 2258 1150 2298 sibi,
1170 2258 1259 2299 quia
1290 2257 1400 2290 multi
1429 2267 1475 2291 ex
1499 2258 1554 2291 eis
1579 2258 1719 2291 mortui
1742 2259 1828 2291 sunt
1843 2267 1890 2292 ex

257 2317 450 2359 praedicta
466 2314 696 2357 pestilentia,
715 2315 753 2347 et
776 2313 954 2346 continue
967 2312 1050 2354 plus
1075 2313 1235 2346 caeteris
1254 2313 1518 2346 moriebantur
1537 2321 1546 2345 ε
1572 2321 1668 2354 quae
1683 2313 1772 2346 tunc
1794 2322 1890 2346 mor-

258 2371 384 2404 talitas
412 2372 581 2412 tempore
609 2369 902 2411 tripudiatorum
927 2365 966 2400 in
995 2367 1173 2400 Flandria
1197 2366 1282 2409 plus
1312 2367 1491 2401 desaevit.
1511 2367 1590 2401 Nec
1613 2368 1670 2401 est
1692 2368 1886 2411 credibile,

258 2426 356 2467 quod
372 2426 435 2467 qui
452 2424 551 2457 mala
564 2423 689 2457 ablata
705 2433 780 2456 non
797 2423 1002 2456 restituunt
1018 2423 1055 2455 et
1070 2422 1229 2463 injurias
1254 2422 1446 2464 irrogatas
1466 2422 1648 2464 proximis
1673 2432 1747 2456 non
1763 2432 1887 2457 emen-

259 2481 359 2520 dant,
389 2479 563 2519 adulteri,
582 2479 805 2521 proditores,
833 2477 1012 2518 latrones,
1044 2478 1147 2510 fures
1165 2477 1202 2510 et
1226 2477 1454 2518 consimiles,
1480 2478 1579 2519 quod
1611 2478 1675 2519 qui
1698 2478 1791 2513 tales
1820 2488 1889 2522 per

258 2535 487 2568 voluntarias
499 2533 761 2576 poenitentias,
781 2540 873 2573 quas
890 2532 961 2564 sibi
979 2532 1059 2565 sine
1076 2532 1300 2565 auctoritate
1318 2531 1501 2565 ecclesiae
1518 2534 1721 2574 assument,
1736 2542 1806 2576 per
1817 2533 1888 2567 hoc

258 2590 417 2622 debeant
444 2588 599 2621 liberari
627 2587 750 2629 quoad
778 2587 898 2620 Deum
929 2587 966 2619 et
997 2595 1019 2619 a
1038 2586 1177 2619 talibus
1206 2585 1361 2627 absolvi,
1394 2587 1467 2620 nisi
1490 2587 1595 2629 prius
1626 2588 1828 2622 restituant
1849 2590 1888 2623 et

259 2644 383 2677 omnia
405 2643 642 2676 forefactain
659 2641 773 2685 longo
791 2643 829 2675 et
845 2642 884 2674 in
902 2641 978 2674 lato
995 2641 1200 2674 secundum
1216 2641 1315 2683 quod
1338 2642 1527 2684 poterunt,
1557 2642 1768 2676 emendent.

711 2735 765 2768 De
794 2733 1098 2768 condemnatione
1128 2733 1436 2777 Flagellatorum.

304 2813 394 2847 Cum
421 2821 512 2856 ergo
531 2814 632 2846 secta
655 2811 754 2845 mala
777 2813 814 2844 et
838 2811 1056 2844 detestanda
1081 2812 1194 2853 atque
1217 2811 1312 2844 ritus
1336 2820 1468 2845 eorum
1483 2820 1568 2844 cum
1592 2813 1763 2846 nefandis
1780 2822 1883 2848 cere-

261 2869 394 2900 moniis
419 2867 464 2900 ad
492 2867 664 2900 notitiam
682 2867 817 2899 summi
845 2866 1034 2908 pontificis
1060 2866 1282 2904 devenisset,
1312 2866 1438 2899 statim
1465 2867 1511 2899 de
1539 2867 1695 2900 consilio
1722 2869 1883 2902 fratrum

260 2922 354 2955 hanc
371 2923 510 2954 sectam
526 2922 703 2962 tanquam
726 2919 1026 2963 superstitiosam
1044 2921 1081 2954 et
1103 2921 1260 2963 puritati
1278 2920 1377 2964 legis
1401 2920 1629 2954 christianae
1653 2922 1882 2956 contrariam

260 2977 531 3016 condemnavit,
565 2977 602 3010 et
625 2977 725 3019 ipsos
756 2976 1043 3019 Flagellatores‚
1071 2976 1103 3009 si
1131 2986 1205 3009 non
1233 2976 1472 3019 poeniterent
1502 2977 1541 3010 et
1578 2976 1806 3012 desisterent
1834 2978 1880 3012 ab
