2050 3470
279 311 321 342 74
962 305 1097 339 ANNO
1123 304 1206 336 1318

322 419 397 451 Per
414 417 483 449 hoc
501 419 624 449 tamen
646 417 782 449 statum
802 416 1064 459 Beghinarum
1086 420 1122 449 et
1137 416 1401 449 obseruancvias
1416 415 1640 456 huiusmodi,
1658 425 1730 457 que
1746 416 1799 449 sic
1816 424 1896 450 6556

279 473 544 516 permittimus,
564 472 635 504 nisi
661 472 706 504 de
734 471 824 513 ipsis
840 480 908 512 per
934 472 1060 503 sedem
1087 470 1329 512 apostolicam
1353 470 1464 504 aliter
1488 471 1698 503 ordinatum
1715 471 1895 511 extiterit,

279 528 491 561 nullatenus
518 535 563 559 ex
592 526 783 568 premissis
809 525 1038 558 intendimus
1055 526 1284 567 approbare3
1302 525 1469 558 locorum
1493 526 1617 558 autem
1635 525 1843 558 ordinarios
1859 527 1897 559 et

278 583 382 622 31105,
402 583 446 615 ad
463 591 554 623 quos
578 581 746 623 predicta
763 581 944 622 spectant,
971 588 1099 612 curam
1117 580 1342 622 peruigilem
1367 581 1404 613 et
1427 579 1717 613 sollicitudinem
1734 580 1897 613 debitam

277 637 502 681 precipimus
530 636 722 675 adhibere,
753 644 799 668 no
827 635 953 667 sedem
980 635 1186 676 primarum
1216 635 1414 676 sequentes
1450 634 1485 666 in
1512 635 1573 668 via
1599 635 1764 676 ipsarum
1793 635 1897 668 actus

276 693 495 726 temerarios
521 691 700 724 imitando
726 690 918 732 premissis
944 690 1136 722 erroribus
1160 691 1196 722 et
1220 689 1518 731 disputacionum
1535 690 1572 722 et
1596 689 1897 731 predicacionum

277 747 552 781 temeritatibus
579 756 617 779 se
646 744 855 784 inuoluant,
874 753 1026 786 easque,
1045 753 1117 785 que
1145 744 1426 785 quomodolibet
1448 746 1578 778 contra
1604 745 1787 787 premissa
1813 754 1898 787 pre-

274 803 513 844 sumpserint,
547 810 615 843 per
652 809 847 834 censuram
875 799 1166 833 ecclesiasticam
1193 799 1450 840 appellacione
1487 800 1694 841 postposita
1733 809 1897 842 compes-

276 858 411 898 cend03
428 866 540 899 porro
558 854 736 889 mulieres
755 864 1006 897 quascumque
1031 864 1165 888 nomen
1184 854 1440 897 Beghinarum
1460 854 1652 895 habentes,
1671 864 1743 896 que
1759 856 1805 888 de
1822 855 1898 889 illis

275 922 320 945 ex
345 913 478 953 quibus
507 912 674 954 predicte
702 910 913 952 prohibicio
931 911 968 943 et
995 909 1154 943 abolicio
1181 910 1457 951 processerunt,
1484 908 1689 951 culpabiles
1713 918 1753 942 se
1775 910 1897 943 reddi-

275 968 411 1000 derunt
445 969 508 1000 aut
544 966 678 999 merito
717 965 900 998 notabiles
934 964 993 997 vel
1029 966 1231 1007 suspectas,
1256 965 1375 997 eciam
1409 965 1440 997 si
1477 965 1614 997 statum
1646 963 1706 997 vel
1729 963 1899 998 habitum

277 1021 557 1063 quomodolibet
581 1020 825 1059 mutauerint,
844 1019 980 1052 nedum
998 1019 1064 1052 sub
1089 1019 1258 1061 predicta
1282 1019 1516 1052 decernimus
1532 1028 1725 1052 removere
1741 1028 1900 1052 censura

276 1080 311 1110 et
329 1076 456 1109 taliter
472 1077 602 1108 eontra
619 1084 681 1108 eas
699 1084 767 1117 per
783 1075 868 1107 illos
887 1075 932 1107 ad
948 1084 1040 1115 quos
1057 1074 1294 1116 pertinuerit,
1320 1074 1474 1115 procedi
1497 1074 1667 1106 volumus
1691 1074 1729 1107 et
1749 1074 1898 1107 manda-

276 1138 370 1167 mus.
390 1129 486 1169 quod
505 1128 549 1160 ab
569 1128 708 1160 erroris
727 1127 837 1160 deuio
855 1128 1026 1159 revocate
1044 1136 1117 1159 non
1135 1126 1234 1159 ultra
1250 1126 1419 1159 inficiant
1435 1135 1543 1159 sanas
1560 1135 1661 1159 oves.

317 1183 420 1216 Nulli
445 1192 536 1225 ergo
562 1183 713 1215 omnino
738 1182 933 1215 hominum
959 1181 1071 1214 liceat
1094 1181 1190 1214 hanc
1214 1182 1404 1224 paginam,
1431 1182 1641 1213 nostrorum
1667 1180 1900 1213 voluntatum

275 1238 586 1278 deelaracionum,
616 1238 888 1277 mandatorum,
907 1238 1096 1279 provision
1114 1238 1151 1270 et
1166 1237 1422 1269 intencionum
1438 1236 1647 1278 infringere
1677 1234 1736 1268 vel
1753 1236 1788 1269 ei
1810 1244 1901 1268 ausu

272 1295 474 1327 temerario
500 1294 703 1326 contraire.
722 1293 759 1326 Si
778 1293 861 1334 quis
879 1294 1003 1325 autem
1028 1292 1098 1324 hoc
1124 1292 1346 1333 attemptare
1371 1291 1653 1333 presumpserit,
1676 1290 1901 1333 indignatio-

274 1358 358 1381 nem
376 1348 645 1390 omnipotentis
663 1348 733 1380 Dei
750 1357 789 1379 ac
808 1348 1003 1380 beatorum
1020 1346 1125 1380 Petri
1140 1347 1176 1379 et
1193 1346 1303 1379 Pauli
1317 1345 1572 1387 apostolorum
1596 1345 1676 1378 eius
1700 1354 1740 1378 se
1756 1346 1903 1378 noverit

274 1413 522 1436 incursurum.

319 1459 455 1491 Datum
471 1458 669 1496 Avinione,
687 1457 738 1489 id.
756 1457 930 1499 Augusti,
950 1456 1189 1498 pontificatus
1206 1456 1324 1488 nostri
1342 1465 1438 1488 anno
1456 1455 1618 1488 secundo
1635 1455 1695 1497 (1).

620 1533 867 1575 Koninklijke
907 1533 1148 1566 Bibliotheek
1181 1533 1218 1565 te
1250 1532 1416 1571 Brussel,
1447 1532 1512 1565 Hs.
1539 1531 1684 1565 2670-8‘2
1710 1531 1762 1572 (nr
1788 1531 1900 1574 2680),

663 1588 728 1621 fol.
747 1587 812 1621 247
836 1597 881 1621 en
905 1588 969 1620 247
986 1597 1105 1620 verso.
1128 1605 1166 1610 —-
1183 1586 1277 1620 Deze
1301 1586 1364 1620 bul
1392 1587 1494 1620 werd
1519 1587 1596 1618 met
1617 1587 1901 1620 onbeduidende

664 1644 907 1685 wijzigingen
953 1643 1172 1676 hernieuwd
1211 1643 1304 1675 door
1341 1641 1534 1675 ,Iohannes
1570 1640 1713 1673 XXII’s
1752 1642 1900 1674 eersten

665 1698 846 1741 opvolger
876 1698 1101 1731 Benedictus
1129 1697 1216 1730 XII.
1250 1697 1377 1739 (Recta
1403 1698 1511 1736 ratio,
1541 1696 1582 1728 19
1607 1695 1766 1728 Januari
1794 1695 1899 1737 1336;

661 1752 716 1784 zie
746 1751 882 1783 verder
898 1751 962 1782 het
979 1751 1065 1782 stuk
1094 1757 1132 1782 nr
1147 1750 1189 1783 75
1220 1749 1424 1791 (188biS).——
1440 1750 1514 1782 Zou
1539 1759 1605 1782 ons
1632 1750 1720 1782 stuk
1735 1749 1902 1783 wellicht

663 1806 708 1839 de
727 1805 790 1838 bul
808 1806 892 1847 zijn,
917 1814 1089 1838 waarvan
1108 1805 1175 1837 Dr.
1193 1805 1397 1838 Hallmann
1414 1804 1493 1848 (Die
1513 1803 1723 1838 Geschichte
1738 1804 1802 1839 des
1830 1804 1900 1838 Ur-

663 1870 824 1904 sprunys
840 1859 906 1893 der
923 1859 1127 1903 belyz‘schen
1142 1858 1346 1903 Beyhinen,
1366 1859 1434 1892 blz.
1456 1859 1529 1901 124)
1546 1861 1628 1902 zegt
1647 1870 1654 1893 ι
1674 1872 1690 1889 α
1707 1859 1730 1893 J
1734 1860 1900 1893 ohannes

663 1915 775 1948 XXII
804 1915 970 1948 erklarte
989 1925 1085 1948 anno
1112 1915 1196 1948 1318
1220 1914 1484 1948 ausdrucklich
1515 1915 1554 1947 in
1577 1915 1684 1947 einer
1714 1913 1765 1947 ad
1794 1914 1899 1948 Bru-

658 1970 837 2003 oeellenses
854 1970 1089 2012 gerichteten
1107 1970 1228 2011 Bulle,
1259 1970 1318 2002 die
1336 1969 1554 2012 belgischen
1579 1968 1777 2012 Beghinen
1795 1970 1899 2004 seien

660 2036 730 2058 von
749 2026 832 2059 dem
851 2023 953 2058 Bann
970 2027 1282 2068 ausgenommenZ
1300 2039 1315 2053 n

927 2156 996 2200 45
1031 2153 1229 2215 (imm).

337 2285 457 2331 1318,
494 2282 683 2326 October·
712 2284 755 2333 6,
798 2283 990 2326 Utreeht.
1032 2283 1141 2325 Acte
1181 2297 1263 2325 van
1306 2284 1512 2326 Frederik
1553 2285 1592 2326 II
1628 2299 1712 2328 van
1747 2286 1894 2342 Zyrik‚

278 2349 475 2406 bisschop
490 2365 576 2393 van
598 2351 798 2400 Utrecht,
826 2351 994 2406 ger-ioht
1016 2354 1081 2394 tot
1114 2351 1224 2408 zijne
1256 2352 1603 2409 geestelijkheid‚
1629 2353 1809 2411 waarbij
1834 2354 1893 2412 hij

275 2419 326 2461 de
365 2419 600 2475 uitroeiing
634 2420 710 2462 der
742 2420 950 2477 Begijnen
975 2420 1079 2462 door
1100 2433 1205 2476 paus
1239 2421 1435 2465 Clemens
1468 2422 1508 2464 V
1539 2421 1815 2478 bekrachtigt
1844 2436 1895 2465 en

276 2486 462 2540 beveelt,
498 2488 572 2532 dat
604 2488 656 2531 de
687 2487 899 2544 Begijnen
932 2490 994 2530 tot
1018 2488 1098 2530 den
1134 2489 1299 2532 Derden
1326 2490 1442 2545 rege!
1476 2503 1557 2532 van
1593 2491 1673 2533 den
1709 2490 1897 2547 heiligen

276 2557 549 2607 Franciscus‚
588 2571 643 2599 na
675 2571 754 2599 een
787 2556 943 2613 scherp
965 2557 1224 2607 onderzoek,
1261 2571 1416 2613 mogen
1449 2572 1683 2614 overgaan.
1709 2584 1766 2590 —
1786 2561 1899 2603 Daar

276 2625 371 2667 veel
390 2625 726 2681 moeilijkheden
749 2639 854 2668 over
875 2625 927 2667 de
949 2625 1156 2683 Begijnen
1191 2626 1277 2684 zijn
1312 2640 1567 2683 opgerezen‚
1592 2627 1817 2672 verklaart
1846 2628 1898 2672 de

277 2693 493 2750 bisschop,
520 2695 595 2738 dat
627 2693 678 2736 de
710 2693 918 2751 Begijnen
942 2694 1220 2737 veroordeeld
1253 2695 1336 2751 zijn
1366 2709 1418 2738 en
1451 2697 1620 2738 moeten
1649 2695 1810 2754 blijven
1844 2710 1896 2739 en

279 2762 352 2805 dat
374 2763 427 2820 zij
457 2766 545 2806 met
568 2763 673 2805 hare
695 2762 1001 2819 begunstigers
1032 2764 1074 2806 in
1098 2763 1181 2806 den
1212 2762 1295 2806 ban
1328 2764 1404 2806 der
1433 2764 1555 2806 Kerk
1586 2763 1670 2820 zijn
1703 2778 1755 2807 en
1793 2764 1899 2807 door

319 2939 365 2979 (1)
390 2938 484 2970 Hier
500 2938 594 2971 leest
606 2948 690 2972 men
706 2950 781 2982 nog
797 2940 842 2973 de
858 2941 1035 2973 woorden
1050 2937 1270 2973 Benedictus
1284 2937 1534 2980 duodecimus,
1548 2939 1609 2972 die
1621 2937 1788 2973 wellicht
1803 2947 1896 2974 eene

278 2992 486 3037 zinspeling
502 3002 548 3037 op
565 2993 610 3027 de
626 2994 884 3039 vernieuwing
900 2995 967 3028 der
983 2993 1045 3028 bul
1062 2995 1155 3029 door
1171 2994 1257 3029 dien
1273 3003 1366 3038 paus
1383 2994 1566 3028 bevatten.
