2050 3470
282 338 343 374 102
917 335 1055 371 ANNO
1082 335 1268 370 1349-1350

277 449 411 482 verunt
423 457 462 481 se
476 448 513 480 in
527 448 621 486 foro,
637 448 674 480 et
686 446 812 480 statim
830 455 958 479 rumor
970 454 1128 489 magnus
1141 446 1212 479 fuit
1225 455 1292 489 per
1304 447 1421 480 totam
1438 447 1639 486 civitatem,
1651 448 1750 481 unde
1769 456 1898 482 omnes

276 505 484 537 veniebant.
496 503 720 536 Catervatim
731 503 915 535 venerunt
928 502 973 534 ad
992 502 1115 534 locum
1127 502 1397 543 supradictum,
1410 503 1499 544 quia
1516 512 1629 545 super
1641 503 1712 536 hoc
1728 512 1899 538 rumores

278 560 486 599 audierant,
504 558 696 591 etidcirco
722 558 860 590 factum
884 557 1011 589 videre
1030 557 1265 590 affectabant.
1285 556 1349 589 Illi
1367 558 1492 591 autem
1519 558 1564 591 de
1582 559 1718 601 Brugis
1746 559 1899 593 interim

277 624 315 647 se
340 614 646 656 preparaverunt,
677 613 715 645 et
745 612 859 644 ritum
885 620 1006 650 suum,
1041 620 1151 652 quam
1176 612 1421 653 penitentiam
1446 614 1639 653 vocabant,
1658 615 1784 648 facere
1801 615 1898 649 ince-

277 671 424 711 perunt.
452 667 617 709 Populus
645 668 769 700 autem
796 667 991 707 utriusque
1024 675 1148 706 sexuS,
1182 667 1245 708 qui
1278 676 1467 708 nunquam
1495 668 1570 702 tale
1595 669 1683 710 quid
1714 670 1898 711 viderant,

277 725 457 765 ceperunt
484 723 643 764 compati
669 722 838 763 personis
867 721 905 753 et
936 721 1141 762 penitentie
1169 721 1369 754 condolere
1401 722 1438 755 et
1463 723 1541 756 Deo
1574 724 1716 766 gratias
1742 724 1900 758 reddere

277 787 390 820 super
428 779 531 811 tanta
565 777 783 819 penitentia,
826 785 937 818 quam
975 776 1236 818 gravissimam
1272 777 1508 818 reputabant.
1549 778 1901 821 Remanseruntque

278 834 367 865 dicti
385 833 598 875 Brugenses
615 832 649 864 iu
666 832 816 864 civitate
832 832 912 864 tota
938 830 1005 863 illa
1022 831 1082 864 die
1100 832 1137 864 et
1164 831 1284 864 nocte.
1312 832 1360 864 Et
1383 832 1422 864 in
1450 832 1510 865 die
1534 834 1709 873 crastina,
1735 842 1807 875 que
1829 833 1903 866 fuit

277 887 356 920 dies
373 887 571 925 dominica,
586 887 623 919 in
641 886 909 919 monasterium
923 885 958 918 S.
976 885 1130 918 Martini
1147 887 1415 927 convenerunt,
1444 888 1481 920 et
1504 887 1643 920 ibidem
1655 888 1901 930 penitentiam

277 943 464 983 inceptam
495 942 678 982 fecerunt,
711 942 749 974 ct
775 942 858 983 post
874 941 1072 983 prandium
1102 941 1140 974 in
1160 942 1242 974 foro
1274 942 1518 976 iteraverunt.
1539 943 1586 976 Et
1601 943 1731 976 inillis
1757 943 1901 976 duobus

277 998 408 1030 diebus
432 997 644 1030 communia
667 998 747 1030 tota
774 997 882 1029 dictis
913 996 1168 1038 penitentibus
1193 1002 1388 1039 compassa
1412 999 1481 1038 est,
1507 998 1544 1031 et
1568 998 1676 1031 erant
1706 998 1901 1040 opiniones

278 1053 437 1091 diverse,
463 1052 551 1093 quia
575 1051 689 1093 aliqui
707 1060 797 1085 sanc
809 1051 944 1084 mentis
962 1060 1035 1083 non
1051 1050 1265 1092 laudabant,
1295 1052 1332 1084 et
1348 1051 1413 1084 alii
1430 1053 1569 1085 factum
1586 1051 1903 1094 quamplurimum

279 1107 547 1149 approbabant.

322 1162 391 1195 Die
403 1163 529 1195 autem
555 1161 686 1194 Martis
711 1161 894 1202 sequenti,
924 1162 1114 1202 processio
1148 1162 1356 1195 communis
1374 1162 1505 1196 decani
1522 1163 1561 1196 et
1588 1161 1743 1205 capituli
1760 1162 1798 1196 et
1813 1161 1900 1195 reli-

277 1218 471 1260 giosorum
484 1218 521 1250 et
534 1217 653 1249 tocius
667 1216 795 1258 populi
808 1216 909 1249 venit
927 1216 965 1248 in
983 1217 1254 1250 monasterium
1269 1218 1437 1250 nostrum
1449 1217 1483 1250 S.
1503 1217 1668 1257 Martini,
1686 1217 1832 1258 fuitque
1848 1215 1902 1250 ibi

279 1280 347 1313 per
374 1271 530 1303 fratrem
555 1269 761 1303 Gerardum
779 1270 823 1303 de
843 1269 963 1309 Mure,
989 1270 1035 1303 de
1055 1270 1186 1304 ordine
1202 1271 1402 1311 minorum,
1431 1272 1665 1313 predicatum
1692 1272 1730 1305 et
1761 1280 1902 1305 annun-

277 1326 415 1358 ciatum
432 1325 587 1357 verbum
605 1325 673 1358 Dei
698 1333 765 1366 pro
791 1324 1021 1358 mortalitate
1049 1325 1287 1366 imminente3
1305 1326 1369 1366 qui
1392 1326 1589 1368 predicans
1617 1326 1784 1369 egregie,
1802 1325 1900 1360 vicia

277 1379 557 1422 reprehendens
594 1381 632 1413 et
658 1379 807 1412 habitus
839 1379 1115 1421 condempnans
1150 1381 1317 1413 virorum
1341 1389 1383 1413 ac
1415 1380 1631 1423 mulierum,
1657 1380 1898 1424 sagacissime

278 1434 530 1477 reprehendit.
564 1434 636 1468 Sed
652 1435 690 1467 in
706 1435 779 1467 fine
797 1435 979 1467 sermonis
1004 1444 1071 1476 pro
1097 1434 1311 1476 hujusmodi
1337 1435 1592 1476 penitentibus
1618 1443 1727 1468 orare
1759 1434 1897 1474 omisit,

279 1491 324 1523 ob
342 1499 454 1532 quam
469 1498 620 1523 causam
647 1488 809 1532 plurima
825 1498 911 1531 pars
930 1489 1162 1522 audientium
1194 1480 1266 1522 fuit
1295 1489 1490 1531 indignata
1512 1490 1550 1522 et
1565 1498 1633 1531 per
1661 1489 1779 1522 totam
1793 1487 1900 1522 illam

277 1545 523 1579 ebdomadam
553 1545 684 1577 contra
714 1553 799 1577 eum
814 1543 974 1586 populus
1001 1543 1262 1585 multipliciter
1288 1544 1556 1577 murmurabat.
1576 1544 1621 1577 In
1651 1543 1752 1577 dicta
1780 1543 1901 1577 eciam

277 1600 485 1634 ebdomada
504 1600 607 1633 venit
622 1608 760 1642 magna
776 1599 934 1632 societas
959 1599 1005 1632 de
1023 1598 1209 1639 Gandavo,
1231 1599 1382 1632 circiter
1398 1598 1513 1633 CCCC
1527 1599 1625 1641 etL3
1644 1599 1682 1632 et
1697 1599 1818 1632 eciam
1827 1597 1904 1632 alia

276 1656 435 1689 societas
457 1656 503 1689 de
526 1655 617 1688 villa
633 1654 739 1688 Sluse
756 1663 869 1696 super
879 1663 982 1687 mare
996 1654 1148 1687 circiter
1165 1654 1249 1687 CCC
1265 1665 1273 1695 ;
1292 1663 1436 1687 necnon
1449 1662 1524 1687 una
1540 1654 1697 1687 societas
1712 1654 1758 1687 de
1771 1663 1900 1687 versus

281 1709 517 1744 Durderecht
533 1709 659 1750 CCCC,
674 1709 737 1750 qui
755 1709 867 1741 simili
885 1709 994 1741 modo
1008 1709 1255 1750 penitentiam
1270 1709 1459 1751 publicam
1472 1708 1660 1742 faciebant
1683 1708 1740 1741 bis
1763 1709 1803 1741 in
1826 1708 1901 1748 die,

279 1765 387 1798 modo
405 1765 443 1797 in
460 1766 542 1797 foro
559 1764 732 1803 civitatis,
751 1763 860 1796 modo
877 1764 915 1796 in
930 1764 1035 1796 curte
1051 1763 1271 1796 monasterii
1288 1763 1323 1797 S.
1337 1763 1489 1796 Martini
1508 1763 1768 1796 Tornacensis.
1787 1795 1790 1798 .

323 1819 484 1853 Sabbato
515 1819 634 1852 eciam
664 1819 702 1851 in
719 1819 780 1851 die
805 1817 1063 1851 decollationis
1081 1818 1181 1851 beati
1205 1817 1390 1851 Johannis
1418 1818 1600 1860 Baptiste,
1619 1827 1641 1851 a
1657 1818 1796 1851 Leodio
1821 1826 1897 1851 una

278 1875 446 1914 societas,
462 1874 612 1907 circiter
628 1873 740 1913 IXxx,
759 1874 796 1907 et
813 1882 897 1906 cum
910 1882 955 1906 ea
966 1882 1062 1906 unus
1078 1873 1197 1906 frater
1219 1873 1266 1907 de
1290 1873 1420 1906 ordine
1444 1874 1604 1906 fratrum
1624 1873 1900 1915 predicatorum

280 1929 379 1962 beati
395 1928 593 1964 Dominici‚
612 1929 650 1961 et
672 1928 711 1960 in
724 1927 791 1961 illa
814 1928 874 1960 die
898 1927 937 1961 et
965 1928 1003 1960 in
1032 1927 1208 1966 crastino,
1224 1936 1297 1968 que
1309 1927 1381 1960 fuit
1403 1927 1483 1960 dies
1498 1927 1696 1967 dominica,
1713 1936 1902 1961 remanse-

279 1985 367 2016 runt
383 1984 538 2026 agentes
551 1983 797 2024 penitentiam
814 1991 919 2015 suam
942 1983 983 2015 ut
1007 1982 1083 2015 alii.
1119 1982 1325 2023 Dictusque
1357 1983 1476 2015 frater
1497 1983 1712 2024 predicator
1740 1983 1903 2016 obtinuit

280 2038 471 2071 licentiam
489 2047 510 2071 a
522 2039 662 2071 decano
679 2040 716 2071 et
733 2038 908 2079 capitulo,
923 2039 964 2070 ut
974 2037 1012 2069 in
1026 2037 1107 2069 loco
1125 2037 1163 2069 in
1181 2047 1253 2078 quo
1282 2038 1400 2070 frater
1424 2037 1611 2071 Gerardus
1627 2037 1899 2079 predicaverat,

281 2093 351 2125 hoc
367 2094 477 2126 estin
495 2093 721 2126 monasterio
750 2093 785 2125 S.
805 2093 957 2125 Martini
975 2092 1235 2131 Tornaeensis,
1260 2093 1386 2134 posset
1401 2101 1611 2134 proponere
1634 2094 1791 2126 verbum
1818 2094 1899 2127 Dei.

281 2148 440 2189 Fuitque
451 2149 496 2181 de
510 2148 581 2180 hoc
597 2157 726 2180 rumor
742 2156 900 2190 magnus
912 2157 980 2189 per
993 2148 1110 2180 totam
1122 2147 1324 2180 civitatem.
1349 2146 1602 2188 Convenitque
1622 2148 1724 2180 tanta
1735 2148 1903 2180 virorum

281 2212 324 2236 ac
340 2204 540 2236 mulierum
554 2203 767 2243 multitudo,
786 2203 883 2244 quod
907 2212 980 2235 non
994 2204 1050 2236 est
1065 2203 1185 2235 visum
1210 2202 1247 2234 in
1265 2202 1434 2235 Tornaco
1464 2202 1606 2235 tantam
1622 2201 1902 2235 multitudinem

281 2259 459 2298 adunare,
484 2259 572 2300 quia
593 2259 656 2290 vix
684 2258 807 2300 platee
835 2259 873 2290 in
902 2258 1129 2290 monasterio
1154 2258 1327 2299 poterant
1354 2256 1533 2299 populum
1557 2257 1737 2298 recipere.
1769 2256 1903 2290 Frater

281 2314 406 2346 autem
423 2313 632 2346 antedictus
649 2313 749 2355 cepit
768 2313 962 2355 predicare
986 2313 1132 2346 dicens:
1168 2326 1183 2339 ιι
1202 2313 1284 2346 Nisi
1314 2320 1475 2354 granum
1505 2311 1686 2345 frumenti
1702 2312 1838 2345 cadens
1863 2311 1903 2345 in

281 2368 384 2400 terra
409 2368 598 2400 mortuum
623 2368 783 2408 fuerit,”
817 2369 854 2401 et
885 2369 1020 2401 cetera.
1048 2368 1331 2409 Propositisque
1362 2367 1547 2409 plurimis,
1581 2366 1687 2408 quasi
1715 2366 1754 2398 in
1778 2365 1901 2399 medio

281 2423 464 2455 sermonis
488 2423 680 2456 descendit
692 2424 738 2457 ad
752 2424 947 2456 materiam
960 2423 1109 2455 illorum
1122 2433 1206 2455 cum
1220 2423 1355 2464 quibus
1375 2422 1541 2461 venerat,
1568 2421 1631 2462 qui
1655 2420 1901 2463 penitentiam

282 2478 482 2517 faciebant,
496 2487 631 2510 vocans
654 2478 872 2511 societatem
890 2479 1026 2510 rubeos
1039 2477 1190 2518 milites,
1221 2479 1258 2511 et
1284 2478 1480 2519 imponens
1509 2476 1690 2509 fratribus
1726 2476 1772 2509 de
1799 2476 1896 2508 ordi-

284 2532 393 2564 nibus
417 2532 703 2574 predicantium,
729 2533 827 2575 quod
857 2534 988 2565 contra
1004 2533 1240 2566 devotionem
1272 2532 1459 2573 assumpte
1486 2531 1716 2573 penitentiae
1733 2531 1902 2573 predica-

283 2586 384 2626 bant,
400 2588 438 2620 et
468 2587 566 2628 quod
594 2587 723 2620 multis
750 2589 791 2620 ut
814 2589 1004 2621 cessarent
1021 2588 1238 2627 suadebant,
1263 2596 1397 2620 vocans
1420 2583 1515 2619 t'ales
1532 2586 1667 2619 fratres
1684 2586 1899 2629 scorpiones

281 2643 319 2674 et
342 2641 594 2682 antichristos,
635 2651 857 2684 comparans
883 2643 1003 2676 eciam
1034 2640 1256 2685 sanguinem
1278 2641 1431 2675 illorum
1453 2650 1545 2683 quos
1576 2641 1732 2674 vocabat
1763 2641 1899 2674 rubeos

282 2696 434 2736 milites,
463 2698 575 2739 prout
608 2697 718 2730 multi
752 2697 1033 2737 intellexerunt,
1059 2698 1233 2740 sanguini
1259 2697 1409 2730 Domini
1439 2696 1557 2729 nostri
1587 2695 1706 2729 ‚Jhesu
1738 2695 1904 2748 Christi3

284 2751 411 2784 dicens
439 2751 552 2784 etiam
583 2753 694 2793 quod,
719 2753 804 2794 post
829 2753 1067 2786 emissionem
1089 2752 1282 2795 sanguinis
1310 2751 1513 2785 Salvatoris
1537 2751 1668 2791 nostri,
1685 2759 1759 2784 non
1775 2752 1901 2784 fuerat

284 2806 360 2838 tam
371 2806 507 2838 nobilis
524 2807 655 2839 effusio
670 2807 862 2850 sanguinis
876 2808 972 2840 sicut
984 2809 1065 2841 erat
1077 2807 1229 2840 illorum
1243 2815 1354 2848 quam
1366 2815 1405 2839 se
1417 2806 1648 2839 verberando
1663 2805 1896 2846 emittebant,

285 2859 477 2902 multaque
504 2860 579 2894 alia
609 2863 804 2903 proposuit
834 2871 1002 2895 errorem
1029 2862 1236 2905 tangentia,
1268 2862 1305 2894 et
1331 2861 1402 2893 hoc
1432 2860 1663 2902 scripserunt
1679 2860 1809 2901 aliqui,
1835 2860 1900 2902 qui

284 2917 477 2956 presentes
494 2915 726 2949 assistebant.
745 2917 944 2959 Finitaque
959 2917 1226 2959 predicatione,
1252 2916 1393 2958 placuit
1421 2915 1680 2948 communitati
1703 2914 1804 2948 ultra
1827 2923 1904 2947 mo-

284 2969 384 3010 dum,
399 2971 436 3002 et
451 2972 631 3012 ceperunt
642 2980 737 3013 pene
768 2980 896 3005 omnes
921 2972 1051 3006 contra
1077 2971 1227 3005 ordines
1253 2970 1544 3006 mendicantium
1576 2971 1614 3004 et
1641 2970 1760 3004 eciam
1787 2978 1902 3014 supra

284 3024 401 3056 totum
418 3024 562 3058 elerum
579 3034 826 3059 murmurare.
