2050 3470
774 252 912 288 ANNO
938 251 1024 286 1419
1656 254 1722 288 399

86 367 162 411 het
183 365 348 409 bisdom
367 364 552 409 Utrecht
570 378 622 421 op
646 364 762 409 straf
776 379 858 408 van
875 365 1158 422 levenslange
1175 365 1540 423 gevangenschap
1558 365 1719 423 gehan-

85 449 170 480 nen
194 435 372 478 worden
395 448 405 485 ;
431 433 544 491 blijft
569 435 628 492 hij
654 435 930 491 integendeel
952 435 1142 478 verhard
1164 436 1205 478 in
1230 436 1282 479 de
1306 435 1526 487 boosheid,
1549 449 1625 478 zoo
1648 436 1714 478 zal

85 505 145 562 hij
180 505 244 548 als
266 504 414 547 ketter
446 504 629 561 ontwijd
664 518 718 546 en
749 518 831 547 6611
866 503 919 547 de
953 505 1224 562 wereldlijke
1259 505 1402 548 macht
1435 505 1716 561 overgelaten

85 574 284 618 worden.
320 571 476 628 (Begin
501 585 553 614 en
580 573 664 616 slot
691 587 772 616 van
797 573 1020 617 Grabow's
1047 573 1159 617 boek
1191 588 1244 618 en
1269 575 1502 631 stellingen
1536 574 1716 617 worden

84 644 128 687 in
170 643 247 686 het
281 641 438 685 vonnis
472 643 766 699 opgegeven.)
799 643 864 686 Na
907 644 1177 700 vermelding
1209 644 1286 687 der
1317 644 1408 686 drie
1441 657 1715 700 opgeroepen

82 713 307 769 getuigen,
334 711 450 753 allen
469 710 532 754 uit
555 711 631 754 het
648 710 814 755 bisdom
838 712 1054 765 Munster‚
1071 712 1248 757 teekent
1268 713 1319 756 de
1343 712 1506 756 notaris
1526 713 1718 756 Herman

54 787 56 789 ’
83 781 327 833 Lutkehns,
352 779 479 823 klerk
499 793 582 823 van
600 780 818 824 hetzelfde
840 781 1022 835 diocese,
1049 783 1102 826 de
1126 783 1362 827 notarieele
1384 785 1496 827 acte.

127 874 171 908 In
188 873 339 907 nomine
358 873 510 906 Domini
531 882 654 908 amen.

129 930 358 973 Unigenitus
376 929 445 962 Dei
464 929 576 969 filius,
606 930 712 962 cuius
739 929 860 963 livore
885 932 1006 965 sanati
1024 941 1151 965 sumus
1175 932 1214 965 et
1237 931 1432 975 sanguinis
1457 932 1561 965 fonte
1579 932 1719 975 renati,

85 985 186 1019 solus
210 994 316 1018 suam
342 985 514 1018 fundavit
542 985 741 1018 ecclesiam
777 996 890 1028 supra
920 988 1067 1029 petram
1107 988 1208 1027 fidei,
1237 997 1324 1020 mox
1356 989 1572 1021 nascentem
1598 989 1721 1021 erexit

83 1043 269 1083 beatoque
286 1042 414 1081 Petro,
431 1041 689 1084 apostolorum
705 1042 882 1084 principi,
901 1049 1031 1077 eterne
1045 1044 1120 1077 vite
1133 1044 1338 1088 clavigero,
1357 1045 1508 1079 celestis
1521 1046 1559 1078 et
1576 1044 1719 1077 terreni

84 1097 196 1130 simul
220 1097 372 1139 imperii
397 1097 481 1130 iura
498 1098 699 1139 commisit,
729 1098 917 1140 dispersos
946 1099 1062 1132 Israel
1093 1101 1139 1133 ad
1172 1101 1268 1134 ovile
1287 1111 1395 1134 suum
1413 1101 1624 1134 ministerio
1653 1109 1719 1133 sue

81 1152 267 1196 passionis
298 1153 476 1185 reductos
504 1152 649 1195 ligandi
687 1154 799 1194 atque
824 1152 991 1186 solvendi
1020 1155 1091 1187 sibi
1117 1158 1154 1188 et
1180 1156 1219 1188 in
1251 1165 1295 1189 eo
1327 1157 1404 1189 suis
1436 1156 1716 1189 successoribus

82 1208 223 1242 tradito
247 1208 490 1250 principatu3
528 1217 645 1250 quare
673 1208 846 1241 Romano
878 1210 1061 1251 pontifici,
1095 1211 1263 1244 eiusdem
1294 1212 1477 1254 principis
1514 1212 1552 1244 in
1580 1212 1719 1254 princi-

81 1266 171 1307 patu
189 1263 405 1297 huiusmodi
423 1265 643 1305 successori,
663 1264 733 1298 hee
754 1265 885 1307 vigilie
909 1266 1088 1308 precipue
1107 1267 1237 1300 sedulo
1266 1267 1423 1310 iugique
1450 1267 1573 1300 studio
1601 1268 1721 1300 immi-

82 1321 175 1354 nent
203 1319 410 1362 apostolice
439 1320 643 1359 servitutis,
669 1321 711 1352 ut
735 1319 934 1353 ecclesiam
958 1321 1078 1362 ipsam
1103 1332 1278 1364 sponsam
1306 1332 1410 1356 suam
1444 1333 1538 1356 novo
1572 1332 1722 1365 semper

84 1377 164 1410 fetu
188 1375 416 1418 multiplicet
443 1374 809 1417 multiplicatamque
838 1377 876 1409 in
900 1377 1017 1418 ipsius
1045 1378 1278 1420 integritate,
1306 1387 1391 1412 cum
1413 1379 1496 1420 ipsa
1524 1380 1646 1412 mater
1673 1379 1722 1411 sit

84 1430 241 1464 illabata
258 1431 338 1464 sine
363 1430 511 1464 macula
535 1432 573 1464 et
589 1440 700 1474 ruga,
727 1433 834 1465 extra
852 1441 963 1474 quam
992 1431 1114 1465 n'ullus
1139 1434 1290 1475 proficit
1314 1434 1361 1466 ad
1378 1433 1553 1474 salutem,
1580 1435 1722 1476 absque

82 1495 270 1528 errorum,
294 1487 496 1529 presertim
519 1485 664 1519 heresis
696 1488 964 1520 commixtione
996 1487 1214 1521 inviolatam
1241 1491 1450 1523 conservet.
1492 1490 1538 1530 (1)
1578 1490 1723 1524 Nature

62 1531 65 1534 Δ
82 1542 184 1575 6111111
198 1541 362 1574 humane
379 1541 549 1574 condicio
563 1550 679 1583 prava
695 1542 742 1575 ad
754 1541 896 1575 malum
910 1544 1101 1585 tamquam
1118 1553 1181 1576 vas
1199 1544 1307 1587 figuli
1334 1544 1535 1588 fragilitati
1553 1545 1722 1579 subiecte

83 1597 195 1631 facile
219 1597 412 1640 frangitur
431 1598 469 1630 et
493 1596 647 1630 difficile
672 1598 885 1640 reparatur.

129 1653 225 1686 Sane
252 1653 400 1695 pridem
429 1653 475 1686 ad
500 1653 729 1685 sanctissimi
758 1654 797 1686 in
832 1653 980 1687 Christo
1012 1655 1131 1696 patris
1167 1656 1205 1688 et
1241 1656 1383 1688 domini
1423 1656 1543 1690 nostri
1578 1656 1720 1689 domini

84 1708 252 1749 Martini,
279 1708 405 1741 divina
429 1708 630 1750 prudentia
668 1718 764 1750 pape
804 1709 938 1750 quinti,
976 1709 1186 1743 clamorosa
1213 1720 1303 1744 voce
1336 1711 1606 1745 nonnullorum
1640 1711 1720 1745 zelo

81 1764 170 1797 fidei
198 1765 426 1797 ferventium
449 1764 494 1797 de
513 1764 684 1805 partibus
703 1764 900 1798 Alamanie
929 1766 1122 1799 inferioris
1146 1766 1206 1808 (2),
1240 1767 1281 1799 ut
1309 1767 1522 1809 didicimus,
1547 1768 1721 1810 pervenit

82 1819 264 1858 auditum,
295 1820 394 1861 quod
413 1820 565 1861 quidam
582 1819 700 1853 frater
717 1820 908 1854 Mattheus
925 1821 1100 1863 Grabow,
1118 1822 1261 1854 ordinis
1278 1823 1574 1864 predicatorum,
1588 1824 1721 1856 contra

81 1875 293 1908 doctrinam
322 1875 483 1917 apostoli
512 1874 596 1917 plus
614 1884 746 1918 sapere
764 1875 895 1909 volens
921 1886 1032 1919 quam
1058 1878 1219 1919 oportet,
1238 1878 1405 1911 tunicam
1424 1879 1575 1911 Domini
1592 1879 1721 1911 incon-

81 1930 233 1964 sutilem
260 1930 432 1963 scindere
457 1930 611 1963 molitus
636 1932 704 1970 est,
731 1931 924 1973 zizaniam,
954 1932 1165 1973 iniquitatis
1182 1934 1307 1966 satore
1325 1935 1564 1974 procurante,
1590 1934 1628 1966 in
1646 1943 1720 1966 non

81 1987 271 2020 modicum
295 1986 384 2019 fidei
401 1985 610 2019 orthodoxe
628 1987 813 2019 iacturam
831 1987 1052 2020 seminando
1071 1989 1120 2028 et,
1140 1989 1238 2029 quod
1255 1988 1485 2022 horrendum
1504 1991 1560 2022 est
1577 1989 1720 2030 auditu,

81 2042 261 2084 quasdam
286 2050 465 2075 erroneas
494 2044 532 2075 et
559 2051 581 2074 a
609 2042 683 2074 fide
708 2042 834 2075 devias
859 2043 1087 2076 assertiones
1105 2044 1191 2076 dato
1218 2045 1420 2086 cyrograso
1438 2044 1588 2086 publice
1613 2045 1722 2077 affir-

80 2098 197 2130 mavit
221 2098 258 2130 et
282 2097 559 2140 dogmatizavit.
587 2097 644 2130 Ne
673 2099 799 2130 autem
817 2107 892 2131 una
920 2098 999 2131 ovis
1024 2099 1196 2132 morbida
1212 2100 1334 2132 totum
1358 2108 1516 2142 gregem
1534 2100 1720 2140 inficeret,

80 2152 318 2195 populusque
347 2153 426 2186 Deo
452 2153 607 2186 devotus
632 2153 670 2185 in
689 2153 932 2195 simplicitate
949 2154 1159 2196 ambulans,
1177 2155 1507 2197 pseudoprophete
1522 2155 1722 2189 attendens

80 2208 307 2242 illabaretur
323 2209 370 2242 ad
385 2209 515 2248 vetita,
543 2209 968 2251 contaminarenturque
986 2211 1116 2243 sancta
1132 2219 1175 2243 ac
1194 2209 1323 2252 plures
1340 2211 1386 2244 de
1404 2211 1569 2244 vanitate
1591 2221 1720 2244 conve-

82 2263 209 2297 nirent
231 2263 271 2296 in
298 2263 337 2296 id
361 2263 497 2305 ipsum,
523 2264 692 2306 prefatus
717 2264 889 2297 dominus
907 2265 1034 2298 noster
1050 2274 1160 2307 papa,
1179 2275 1270 2299 cura
1296 2265 1489 2309 pervigili,
1516 2265 1717 2309 diligentia

81 2319 270 2361 exquisita
297 2319 404 2352 iuxta
427 2319 598 2352 veritatis
625 2320 807 2353 verbum:
840 2333 852 2349 ιι
872 2320 1010 2362 Arbor,
1036 2330 1108 2361 que
1135 2331 1209 2353 non
1238 2322 1330 2354 facit
1362 2322 1502 2355 bonum
1538 2323 1720 2361 fructum,

81 2374 278 2408 excidetur
305 2375 343 2408 et
366 2374 406 2407 in
436 2375 566 2418 ignem
593 2375 766 2409 mittetur
783 2388 812 2417 n,
841 2376 1172 2418 infructuososque
1200 2376 1375 2418 palmites
1412 2377 1603 2411 instruens
1640 2387 1720 2410 suc-

82 2430 273 2471 cidendos,
299 2431 338 2464 et
361 2431 402 2463 ut
419 2430 465 2463 de
482 2431 676 2472 premissis
700 2431 838 2464 veritas
855 2431 1140 2471 dilucidaretur‚
1166 2433 1278 2474 prout
1302 2434 1405 2466 tante
1422 2434 1581 2466 materie
1600 2433 1723 2476 exigit

82 2485 260 2528 qualitas,
274 2485 437 2526 fideique
455 2485 665 2520 orthodoxe
683 2488 973 2520 conservaretur
989 2488 1198 2528 sinceritas,
1218 2489 1255 2521 et
1269 2497 1315 2521 ne
1333 2489 1400 2521 sub
1419 2489 1718 2522 dissimulatione

82 2542 180 2575 sicco
198 2541 294 2583 pede
310 2541 504 2575 videretur
527 2541 734 2582 ambulare,
753 2543 794 2575 ut
822 2542 984 2575 facilitas
1000 2543 1108 2576 venie
1126 2543 1376 2577 intentionem
1394 2545 1582 2578 tribueret
1598 2544 1716 2578 delin-

124 2696 169 2741 (1)
193 2695 333 2730 Geheel
351 2697 438 2730 deze
456 2696 594 2730 aanhef
616 2697 648 2730 is
665 2697 832 2731 dezelfde
857 2697 912 2730 als
928 2698 966 2730 in
992 2698 1037 2731 de
1062 2698 1181 2731 latere
1202 2698 1410 2732 notarieele
1428 2700 1511 2733 acte
1537 2709 1606 2733 van
1629 2700 1713 2733 Flo-

82 2761 195 2786 161166
220 2752 258 2785 111
282 2752 373 2785 zake
399 2751 576 2785 Nicolaas
594 2752 789 2786 Scrrurier
813 2753 865 2795 (ll
884 2753 973 2786 Dec.
1005 2752 1428 2794 1419.)ziehie1=boven‚
1458 2755 1529 2787 blz.
1549 2754 1626 2788 231.

125 2807 170 2850 (2)
195 2808 238 2841 In
256 2807 322 2841 het
337 2807 426 2840 stuk
443 2817 531 2840 over
550 2808 756 2848 Serrurier,
782 2809 924 2841 waarin
957 2808 1045 2841 dezc
1077 2810 1282 2851 paragraat'
1309 2810 1382 2842 ook
1414 2811 1517 2852 bijna
1546 2811 1714 2845 dezelfde

82 2863 126 2906 is,
150 2864 304 2896 ‘mutatis
319 2861 526 2904 mutandis,
544 2862 640 2896 leest
656 2872 742 2896 men
758 2862 932 2906 partibus·
962 2861 1094 2903 Gallie,
1113 2864 1147 2896 d.
1174 2864 1198 2896 i.
1220 2864 1423 2906 Frankrijk
1441 2865 1583 2907 (linker
1602 2875 1716 2900 oever

81 2920 150 2953 der
174 2918 360 2960 Schelde).
395 2918 562 2951 Doornik
594 2918 656 2962 lag
683 2919 775 2960 juist
807 2928 853 2961 op
882 2919 968 2953 dien
1002 2928 1114 2953 ocver
1145 2928 1215 2953 aan
1241 2920 1287 2954 de
1316 2921 1474 2955 uiterste
1509 2931 1624 2965 grens
1649 2932 1720 2957 van

83 2975 149 3009 het
177 2973 368 3008 Fransche
392 2974 627 3016 koninkrijk.
