2050 3470
823 240 960 275 ANNO
986 238 1070 273 1397
1709 247 1771 280 165

135 350 175 384 et
192 358 240 383 ne
264 348 440 392 cuiquam
457 358 639 383 onerosus
663 349 856 384 existeret.
884 350 1048 384 Actuum
1079 357 1156 385 xxo.
1189 353 1228 386 et
1244 352 1405 388 habetur
1421 364 1456 388 x.
1475 365 1510 397 q.
1525 356 1594 399 iiij.
1622 355 1771 392 Cauen-

135 405 230 439 dum
247 406 293 440 de
311 406 401 439 Cen.
418 415 449 438 c.
471 404 563 439 Cum
579 405 754 449 apostolis
770 407 808 439 et
831 406 931 439 idem
947 417 954 439 :
980 407 1038 440 Ad
1055 416 1112 449 ea,
1139 409 1203 450 qui
1220 409 1336 442 michi
1366 419 1458 452 opus
1475 414 1595 452 erant,
1623 415 1661 446 et
1683 413 1768 456 hijs,

135 462 200 504 qui
213 470 356 495 mecum
370 461 469 501 sunt,
494 461 808 496 ministrauerunt
824 471 956 495 manus
974 463 1057 496 iste.
1073 464 1150 505 xxj.
1172 473 1206 505 q.
1236 464 1265 496 1.
1285 474 1316 496 c.
1335 463 1499 499 Clericus
1515 468 1552 500 in
1578 468 1614 500 fi.
1631 468 1711 502 Hac
1723 470 1769 503 de

133 527 258 557 causa,
288 517 319 549 si
337 516 497 549 clericus
517 519 686 560 egestate
711 517 869 557 laboret,
887 519 1009 560 potest
1034 519 1114 551 sine
1139 519 1366 553 detrimento
1387 521 1501 563 diuinj
1520 524 1630 565 officij
1647 525 1768 558 artifi-

132 572 230 606 ciolo
248 573 321 605 sibi
345 573 485 604 victum
510 581 682 614 querere.
698 573 770 615 xcj.
791 574 840 606 di.
860 583 891 606 c.
914 572 1075 607 Clericus
1099 575 1251 607 victum.
1269 575 1452 609 Preterea
1475 587 1548 610 non
1573 588 1710 613 reuoco
1728 581 1766 613 in

131 629 300 667 dubium,
326 628 416 669 quin
434 628 603 670 predicte
627 637 787 670 persone
813 630 957 671 possint
987 630 1025 662 in
1051 630 1160 662 modo
1187 630 1285 663 dicto
1314 640 1448 673 panem
1477 633 1589 667 edere
1622 636 1659 668 et
1683 637 1768 677 post

130 684 232 717 cibos
251 683 400 726 gracias
413 683 558 716 auctori
584 683 662 716 Deo
681 684 838 717 referre.
858 684 924 716 Ar.
945 683 1056 725 xliiij.
1072 684 1106 718 d.
1123 694 1153 717 c.
1181 684 1269 718 Non
1286 684 1402 720 liceat.
1423 687 1530 721 Unde
1549 689 1739 730 apostolus
1755 700 1763 724 ε

130 739 219 773 Siue
232 738 466 772 manducatis
484 739 565 771 siue
580 739 708 771 bibitis
724 739 805 772 siue
830 738 932 772 aliud
950 740 1086 781 facim,
1114 740 1152 772 in
1171 741 1323 775 nomine
1348 742 1490 775 domini
1510 745 1628 777 nostri
1644 744 1764 780 Jhesu

128 794 270 828 Christi
283 794 411 834 facite,
428 794 467 826 in
481 803 554 835 quo
578 794 752 835 viuimuS,
770 803 969 828 monemur
986 796 1024 827 et
1036 804 1178 827 sumus.
1194 796 1266 828 Ad.
1283 796 1450 831 Chorint.
1469 804 1521 830 ΣΟ.
1547 799 1629 832 Act.
1656 801 1761 843 xvijo.

125 851 184 884 Ad
198 849 372 884 Colocen.
391 849 450 890 iij0
467 851 505 882 et
520 849 560 882 in
577 858 719 882 canone
735 850 834 891 xxvj.
863 860 897 891 q.
916 851 978 891 vij.
994 849 1079 884 Non
1096 849 1176 884 obse
1189 853 1307 884 ruetis
1337 852 1375 885 in
1400 854 1438 887 fi.
1465 854 1503 886 et
1519 855 1672 888 notatur
1694 865 1763 898 per

121 904 314 939 Archidia.
348 905 387 937 in
415 904 585 946 predicto
614 914 645 938 c.
674 904 762 938 Non
794 903 911 938 liceat.
949 906 1112 938 Possunt
1136 907 1257 940 eciam
1286 906 1384 950 layci
1416 909 1511 942 bene
1536 908 1666 952 legere
1694 921 1761 945 seu

123 961 252 994 dicere
266 959 444 1002 psalmos,
471 960 535 1002 qui
554 960 731 993 dicuntur
746 960 785 993 in
802 960 906 993 horis
930 969 998 1003 per
1023 961 1194 1002 clericos,
1218 962 1419 996 dummodo
1438 963 1510 997 hoc
1528 974 1603 998 non
1619 966 1762 999 faciant

122 1025 192 1059 per
214 1016 367 1049 modum
384 1015 502 1048 divini
524 1016 651 1057 officij,
682 1025 741 1048 no.
770 1015 879 1049 Inno.
904 1017 949 1050 de
967 1015 1060 1049 cele.
1091 1017 1194 1051 miss.
1213 1027 1244 1050 c.
1265 1018 1296 1051 1.
1315 1018 1391 1061 glo.
1420 1019 1456 1051 fi.
1475 1019 1631 1053 Necnon
1658 1021 1759 1058 infra,

120 1080 290 1105 mensam
306 1070 488 1104 lectiones
517 1079 643 1103 sacras
659 1071 824 1103 recitare
847 1070 1016 1113 aliasque
1040 1072 1122 1114 pias
1139 1073 1430 1107 consuetudines
1457 1074 1504 1108 ad
1522 1076 1591 1109 Dei
1608 1075 1759 1111 laudem

118 1127 265 1170 pariter
283 1127 485 1159 observare
502 1137 509 1168 3
527 1126 626 1160 unde
651 1127 689 1159 in
709 1125 853 1168 psalmo
874 1136 881 1159 :
909 1127 1138 1160 Benedicam
1156 1128 1359 1161 Dominum
1382 1130 1421 1162 in
1439 1131 1540 1163 omni
1557 1133 1727 1174 tempore
1746 1144 1754 1174 3

117 1182 201 1217 laus
218 1190 367 1224 semper
391 1181 473 1215 eius
500 1181 539 1214 in
564 1191 629 1215 ore
657 1191 752 1215 meo.
781 1182 1020 1215 Consuetudo
1047 1183 1162 1224 enim,
1181 1192 1254 1225 que
1279 1184 1465 1219 dominice
1490 1187 1675 1229 scripture
1693 1189 1758 1222 aut

117 1238 236 1272 sacris
253 1237 461 1271 canonibus
490 1238 682 1271 contraria
698 1247 772 1270 non
791 1239 859 1277 est,
885 1238 1108 1271 inconcussa
1136 1239 1369 1273 observanda
1391 1242 1474 1282 est3
1499 1242 1550 1284 xj.
1579 1242 1629 1275 di.
1663 1253 1755 1277 con-

115 1293 326 1327 suetudinis
343 1293 408 1334 xij.
427 1293 479 1325 di.
496 1292 612 1326 Sacra
628 1292 803 1327 Romana
820 1303 854 1326 x.
876 1302 910 1334 q.
932 1292 961 1325 1.
990 1292 1239 1327 decernimus.
1266 1294 1400 1328 Ymmo
1419 1295 1505 1329 talis
1522 1300 1753 1333 consuetudo

114 1350 172 1383 est
188 1348 408 1392 legi-divine
433 1350 471 1382 et
488 1348 668 1381 canonice
684 1348 817 1389 amica,
833 1357 918 1381 cum
935 1348 981 1381 ad
1008 1347 1157 1382 laudem
1186 1349 1257 1382 Dei
1284 1351 1413 1384 omnia
1436 1351 1574 1386 debent
1590 1353 1687 1396 fierj.
1706 1354 1753 1389 de

113 1406 189 1439 offi.
215 1408 317 1438 casta
333 1414 365 1438 c.
382 1405 409 1447 j.
427 1405 466 1437 in
484 1404 521 1437 fi.
548 1408 584 1436 et
606 1403 688 1437 laus
706 1404 785 1437 Deo
803 1413 872 1446 pro
893 1404 970 1437 suis
987 1404 1181 1446 beneficijs
1199 1413 1221 1438 a
1245 1405 1353 1438 nobis
1371 1408 1427 1440 est
1444 1407 1588 1451 iugiter
1605 1409 1748 1452 impen-

111 1462 244 1495 denda.
264 1461 338 1503 xvj.
357 1470 392 1503 q.
410 1461 424 1493 i
440 1459 702 1503 Reverteminj‚
716 1460 818 1493 circa
834 1460 870 1492 fi.

153 1518 212 1552 Ad
227 1517 430 1561 septimum
446 1516 670 1559 respondeo,
699 1516 774 1550 Aut
797 1516 1013 1558 supradicte
1037 1525 1198 1559 persone
1227 1518 1314 1550 sunt
1344 1517 1504 1551 heretici
1536 1521 1747 1564 credentes,

108 1575 379 1617 receptatores,
403 1573 572 1606 fautores
600 1573 639 1605 et
669 1571 927 1605 hereticorum
951 1571 1184 1613 defensores,
1204 1574 1269 1606 aut
1285 1573 1458 1607 infamati
1482 1575 1528 1608 de
1544 1575 1670 1610 heresi
1686 1577 1746 1611 vel

107 1630 286 1672 suspecti,
304 1629 370 1662 aut
381 1637 468 1661 non.
487 1628 617 1660 Primo
636 1636 787 1660 causam
804 1627 850 1660 de
877 1636 1008 1660 eorum
1024 1628 1102 1660 vita
1119 1629 1156 1661 et
1172 1629 1462 1662 conversacione
1478 1631 1602 1672 potest
1623 1632 1746 1674 inqui-

105 1693 192 1718 rere
205 1684 244 1717 in
258 1684 440 1726 quantum
456 1683 710 1725 inquisitionis
728 1682 945 1715 huiusmodi
963 1683 1128 1716 officium
1145 1684 1339 1717 concernit
1364 1693 1514 1719 errores
1530 1686 1570 1719 in
1586 1687 1660 1721 fide
1676 1698 1743 1723 seu

105 1738 286 1773 articulos
314 1739 403 1772 fidei
435 1737 632 1772 catholice.
666 1738 857 1771 Probatur
882 1738 929 1771 de
952 1737 1110 1771 heretic.
1145 1748 1178 1771 c.
1203 1738 1246 1772 Ut
1263 1737 1425 1783 officium
1440 1741 1690 1784 inquisitionis
1701 1745 1741 1778 in

102 1795 290 1838 principio
304 1796 342 1829 et
357 1795 380 1836 ἓ
397 1795 434 1829 fi.
453 1793 493 1826 li.
512 1794 562 1835 vj.
580 1794 656 1826 Aut
672 1803 747 1826 non
763 1794 850 1826 sunt
865 1793 961 1827 tales
986 1802 1055 1827 nec
1073 1794 1245 1827 infamati
1263 1803 1333 1828 nec
1349 1795 1394 1828 de
1411 1795 1537 1830 heresi
1561 1801 1737 1841 suspecti.

103 1851 209 1885 Tunc
221 1850 416 1892 inquirere
433 1850 566 1882 contra
582 1858 646 1882 eos
663 1858 738 1881 non
754 1850 888 1891 potest,
908 1849 981 1881 nisi
1000 1849 1099 1882 forte
1124 1850 1162 1882 in
1188 1849 1328 1883 litteris
1345 1851 1620 1886 commissionis
1638 1855 1738 1888 sedis

100 1907 306 1951 apostolice
330 1906 431 1940 idem
461 1907 638 1939 teneatur
670 1913 901 1947 expressum.
937 1904 1016 1939 Hoc
1050 1906 1234 1947 probatur
1265 1907 1331 1940 sic.
1366 1906 1517 1940 Certum
1549 1910 1606 1942 est
1637 1912 1737 1952 quod

97 1963 310 2006 jurisdictio
326 1961 563 2004 inquisitoris
579 1960 747 1994 heretice
759 1961 957 2002 pravitatis
974 1962 1031 1994 est
1048 1960 1235 2004 delegata,
1251 1963 1292 1995 ut
1305 1963 1409 2004 patet
1423 1971 1443 1996 e
1461 1963 1518 1996 tit.
1529 1973 1599 2007 per
1610 1963 1678 1999 hoc
1695 1967 1734 2000 in

97 2028 149 2061 p.,
166 2018 232 2051 ubi
256 2018 311 2052 ita
323 2027 383 2050 no.
403 2016 530 2050 Archi.
546 2025 660 2058 super
671 2026 704 2048 v.
724 2014 918 2059 deleyatur
934 2015 974 2049 li.
990 2017 1056 2059 vjo.
1073 2018 1110 2050 et
1125 2017 1225 2050 idem
1249 2017 1443 2051 ‚Iohannes
1459 2019 1497 2051 in
1516 2029 1576 2053 no.
1591 2022 1629 2054 et
1645 2022 1731 2056 coll.

97 2084 128 2107 c.
147 2074 188 2106 ti.
207 2072 268 2107 Ad
290 2070 515 2107 abolendum
533 2081 566 2113 q.
583 2072 621 2113 ij.
640 2071 743 2114 Ergo
769 2072 984 2113 jurisdictio
1015 2072 1255 2114 inquisitoris
1273 2073 1318 2106 ad
1347 2082 1474 2106 casum
1491 2084 1565 2107 non
1583 2085 1731 2118 expres-

96 2139 179 2164 sum
191 2130 231 2162 in
255 2130 337 2163 eius
361 2128 624 2161 commissione
642 2129 794 2161 extendi
808 2138 881 2161 non
897 2130 1022 2171 potest
1044 2138 1114 2162 nec
1130 2129 1267 2171 debet3
1296 2138 1383 2162 nam
1409 2130 1533 2163 forma
1562 2133 1731 2166 mandati

96 2186 229 2219 exacta
251 2185 309 2218 est
325 2183 530 2226 diligencia
554 2183 816 2216 obsueruanda
847 2184 892 2217 de
921 2193 952 2217 r.
974 2185 1065 2218 Cum
1097 2182 1230 2218 dilecta
1258 2184 1303 2217 de
1321 2185 1397 2217 offi.
1415 2184 1511 2219 dele.
1533 2184 1625 2219 Cum
1641 2186 1730 2221 olim

94 2239 205 2274 abbas
233 2240 279 2273 de
302 2248 383 2282 pre.
413 2249 446 2272 c.
471 2238 539 2272 ult.
559 2248 590 2271 c.
611 2238 660 2271 di.
691 2248 842 2281 procur.
872 2239 897 2271 1.
915 2239 955 2273 Si
975 2249 1128 2283 procur.
1161 2239 1258 2274 Hinc
1285 2241 1343 2273 est
1371 2240 1470 2282 quod
1502 2241 1728 2285 quicumque

93 2295 303 2339 delegatus,
322 2295 387 2337 qui
405 2295 499 2328 fines
516 2294 684 2327 mandati
714 2295 864 2328 excedit
880 2295 939 2328 vel
969 2295 1082 2329 aliter
1109 2296 1200 2329 facit
1224 2296 1288 2329 aut
1313 2296 1496 2338 procedit,
1515 2297 1631 2330 nichil
1649 2300 1729 2342 agit

91 2360 161 2385 nec
184 2353 288 2385 tenet
305 2351 386 2384 eius
402 2359 614 2393 processuS,
640 2350 682 2383 ut
710 2350 749 2382 in
766 2351 915 2392 juribus
932 2351 1007 2384 iam
1031 2352 1225 2393 predictis·
1244 2351 1292 2384 Et
1309 2361 1368 2384 n0.
1388 2351 1495 2385 Inno.
1513 2352 1552 2385 in
1576 2354 1675 2387 dicto
1693 2365 1725 2390 c.

93 2405 187 2441 Cum
209 2405 299 2440 olim
323 2407 362 2439 in
379 2406 416 2439 fi.
433 2407 470 2440 et
501 2407 590 2440 Ber.
613 2405 783 2448 predicto
800 2416 830 2439 c.
859 2406 928 2441 ult.
947 2407 993 2440 de
1009 2416 1090 2450 pre.
1123 2407 1163 2439 in
1188 2406 1264 2450 glo.
1296 2407 1320 2449 ij
1346 2408 1384 2440 et
1398 2407 1527 2440 Archi.
1547 2408 1591 2442 de
1616 2419 1673 2452 pr.
1691 2421 1724 2445 c.

93 2461 186 2496 Cum
201 2462 241 2494 in
257 2459 330 2494 illis
343 2461 456 2494 circa.
474 2470 510 2503 p.
529 2469 643 2503 super
659 2470 694 2493 v.
711 2460 934 2495 Intencionz’s
950 2461 989 2494 li.
1010 2463 1058 2504 vj.
1075 2462 1245 2496 Secundo
1271 2470 1317 2495 ex
1334 2463 1523 2496 contrario
1540 2465 1726 2498 manifes-

89 2518 170 2551 tum
186 2517 410 2558 sequeretur
422 2516 691 2550 inconveniens
710 2526 718 2557 3
746 2526 832 2550 nam
859 2526 933 2559 qua
948 2518 1101 2551 racione
1118 2519 1245 2560 posset
1263 2518 1465 2559 inquisitor
1477 2518 1523 2552 de
1540 2519 1724 2554 dictarum

88 2581 335 2616 personarum
361 2572 440 2605 vita
472 2573 509 2605 et
533 2572 830 2606 conuersacione
865 2573 1059 2615 inquirere
1093 2575 1130 2607 et
1157 2582 1221 2606 eos
1253 2573 1298 2606 ab
1330 2573 1495 2607 inuicem
1518 2583 1722 2619 separare3

88 2628 219 2662 eadem
235 2628 388 2662 racione
406 2627 526 2660 eciam
543 2629 670 2670 posset
687 2628 725 2661 et
745 2627 811 2672 [in]
839 2628 1046 2672 sacrilegos
1076 2630 1114 2662 et
1141 2628 1344 2668 adulteros,
1373 2630 1566 2662 usurarios
1579 2632 1617 2664 et
1629 2630 1723 2665 alios

87 2683 183 2716 citra
198 2682 364 2716 heresim
377 2681 642 2725 delinquentes
666 2683 929 2725 inquisicionis
955 2685 1123 2717 officium
1138 2693 1318 2718 exercere
1336 2685 1375 2718 et
1391 2684 1486 2718 tales
1509 2685 1555 2718 de
1571 2686 1723 2721 civitate

85 2737 144 2771 vel
162 2737 237 2771 alio
262 2737 344 2770 loco
362 2737 569 2779 expellere,
596 2739 695 2780 quod
713 2748 822 2772 nemo
850 2740 946 2773 bene
964 2741 1002 2773 et
1031 2740 1193 2773 discrete
1217 2740 1460 2773 considerans
1484 2742 1720 2785 concederet,

85 2802 171 2826 nam
185 2794 285 2827 esset
300 2793 432 2826 contra
448 2794 610 2827 formam
626 2794 792 2828 mandati
825 2796 863 2828 et
886 2796 1050 2829 maxime
1077 2796 1209 2828 contra
1225 2795 1480 2829 intencionem
1501 2805 1597 2839 pape
1612 2797 1722 2832 dele-

85 2849 224 2892 gantis,
243 2849 289 2882 ad
306 2857 418 2891 quam
446 2858 596 2892 semper
619 2851 893 2884 recurrendum
926 2854 996 2884 est.
1028 2851 1082 2884 Dc
1110 2851 1203 2884 arbi.
1237 2860 1270 2883 c.
1302 2861 1406 2895 (προ.
1439 2852 1485 2885 de
1516 2861 1595 2894 pre.
1628 2852 1721 2886 Cum

83 2908 221 2938 tamen.
236 2905 285 2938 Et
301 2905 433 2939 eadem
448 2906 567 2946 racio,
587 2913 659 2947 que
689 2908 818 2940 mouet
845 2905 1102 2949 delegantem,
1131 2907 1260 2938 mouet
1279 2905 1414 2940 deinde
1442 2910 1479 2941 et
1501 2907 1718 2951 delegatum

83 2959 130 2994 de
158 2969 190 2994 r.
214 2969 328 3004 super
355 2959 486 2994 litteris
509 2961 548 2994 in
578 2962 615 2993 li.
641 2960 685 2994 In
713 2960 817 2994 nullo
850 2961 972 2995 obstat
1003 2962 1252 3005 extravagans
1278 2960 1465 2996 Johannis
1490 2963 1564 3006 xxij
1582 2962 1719 2999 Sancta
