2050 3470
817 268 955 303 ANNO
983 268 1068 302 1419
1701 271 1768 305 403

116 375 277 419 pertatis
309 375 348 410 et
375 376 562 411 castitatis
585 377 816 412 universalia
845 379 1004 414 consilia
1031 379 1263 414 coniunctim
1287 381 1396 415 extra
1424 391 1531 416 veras
1559 383 1767 428 religiones

117 433 305 466 manendo
335 432 556 474 adimplere.

163 501 178 517 α
194 488 252 521 Ex
280 497 353 530 qua
385 489 558 530 sequitur
574 490 794 524 immediate
819 491 973 525 formali
989 493 1263 534 consequentia
1288 493 1472 527 articulus
1491 503 1556 528 seu
1575 494 1768 528 conclusio

117 553 218 576 nona
249 544 289 576 in
323 544 469 584 ordine,
504 554 578 586 quo
603 546 677 588 ipsi
707 548 854 588 ponunt
884 547 1066 581 articulos
1098 549 1309 590 presentes,
1340 548 1487 582 scilicet
1519 550 1618 590 quod
1644 549 1770 583 nullus

115 600 241 641 potest
267 600 482 641 predictum
506 602 743 643 paupertatis
771 601 975 635 concilium
992 603 1190 636 meritorie
1208 613 1334 645 ymmo
1349 613 1418 637 1100
1435 605 1624 637 veraciter
1642 605 1766 638 obser-

117 663 221 694 vare,
247 655 322 688 nisi
353 655 471 688 fuerit
500 656 539 688 in
572 657 673 690 statu
707 657 918 699 spiritualis
958 658 1206 700 perfectionis
1245 659 1323 692 sive
1353 668 1442 692 vere
1469 659 1681 702 religionis.
1724 660 1771 693 Et

119 710 203 743 dico
229 711 408 744 notanter
435 711 482 745 de
499 712 583 745 istis
611 712 734 746 tribus
766 713 935 746 consiliis
960 714 1187 756 simpliciter
1212 723 1279 747 seu
1304 714 1574 748 universaliter
1597 716 1770 757 sumptis,

118 766 326 799 secundum
354 767 454 808 quod
487 775 576 800 vero
617 768 656 800 et
694 768 733 800 in
770 768 898 810 aliquo
932 779 1019 802 casu
1049 770 1208 811 possunt
1236 769 1479 803 laudabiliter
1507 771 1544 802 01
1575 771 1772 803 meritorie

118 824 228 856 extra
251 823 461 866 religiones
480 824 687 857 observari.
709 823 866 862 Quando
885 825 987 858 enim
1005 825 1143 866 aliquis
1160 825 1344 858 secularis
1371 826 1435 858 dat
1460 825 1708 859 elemosinam
1733 827 1771 859 in

118 887 207 911 casu
237 878 379 921 aliquo,
417 880 568 920 quando
597 888 681 912 eam
706 880 752 913 de
778 881 1004 914 necessitate
1029 883 1200 923 precepti
1225 892 1300 915 non
1328 884 1494 923 tenetur,
1512 883 1647 924 implet
1678 883 1773 915 illud

118 933 322 967 consilium
339 935 589 976 paupertatis,
607 935 645 967 in
671 934 739 968 illo
764 945 853 968 casu
872 937 1019 969 tantum
1039 948 1048 978 ς
1083 938 1121 969 01
1146 938 1295 979 quando
1321 939 1491 971 continet
1515 948 1554 971 se
1571 939 1618 971 ab
1642 939 1773 971 uxoris

117 990 356 1032 amplexibus
387 991 560 1033 tempore
594 991 675 1031 illo,
702 992 852 1033 quando
881 992 976 1025 illud
994 994 1120 1026 facere
1139 1004 1213 1026 non
1239 995 1405 1034 tenetur,
1424 994 1554 1036 implet
1571 995 1771 1027 consilium

116 1047 364 1087 continentie,
394 1047 434 1079 111
462 1047 529 1080 1110
563 1057 652 1080 casu
682 1050 719 1080 et
749 1049 958 1081 secundum
987 1050 1077 1090 quid
1111 1050 1285 1092 tantum3
1322 1051 1472 1091 quando
1504 1051 1618 1084 etiam
1645 1051 1773 1083 obedit

117 1101 232 1134 alicui
256 1112 323 1135 suo
350 1102 513 1144 prelato,
533 1104 665 1136 curato
683 1104 742 1136 vel
769 1104 961 1146 episcopo,
992 1105 1030 1137 in
1061 1114 1163 1146 casu,
1195 1106 1344 1146 quando
1374 1106 1445 1139 1100
1473 1106 1519 1139 (10
1548 1107 1773 1139 necessitate

116 1158 289 1200 precepti
322 1168 397 1191 non
427 1160 593 1200 tenetur,
620 1160 797 1192 observat
821 1159 917 1192 illud
947 1160 1164 1194 obedientie
1189 1161 1404 1202 consilium,
1431 1163 1469 1194 in
1501 1161 1568 1194 illo
1597 1172 1699 1195 casu.
1726 1162 1774 1194 Et

116 1213 190 1246 ista
213 1215 372 1255 possunt
390 1215 502 1247 extra
525 1214 736 1257 religiones
760 1216 932 1249 viventes
951 1218 1037 1248 voto
1063 1215 1121 1249 vel
1153 1217 1235 1249 sine
1264 1218 1350 1250 voto
1375 1218 1456 1250 Deo
1486 1218 1648 1259 offerre3
1675 1217 1774 1250 unde

117 1269 210 1302 dicit
238 1270 390 1303 531101115
423 1269 589 1303 Thomas
615 1272 781 1304 secunda
806 1272 982 1311 secunde,
1002 1272 1101 1313 quod
1126 1272 1165 1304 in
1183 1271 1310 1305 seculo
1328 1273 1498 1306 viventes
1523 1273 1667 1315 aliquid
1693 1274 1773 1306 Deo

119 1324 211 1357 dant
239 1326 278 1358 et
305 1324 450 1367 aliquid
479 1326 551 1359 sibi
578 1328 790 1367 reservant,
817 1329 854 1360 01
879 1328 1087 1360 secundum
1115 1327 1187 1360 1100
1218 1328 1376 1370 prelatis
1410 1328 1570 1362 ecclesie
1610 1330 1773 1362 subdun-

117 1381 204 1422 tur3
234 1380 435 1423 regulares
465 1383 593 1414 autem
626 1383 804 1423 opportet
839 1383 962 1415 10111111
997 1383 1091 1422 Deo,
1123 1383 1223 1423 quod
1258 1383 1401 1418 11300111
1439 1386 1633 1426 tamquam
1668 1384 1773 1418 holo-

117 1437 290 1469 caustum
308 1437 426 1470 offere
447 1447 455 1478 3
487 1438 524 1470 et
548 1436 620 1470 1100
637 1438 680 1469 fit
698 1439 736 1470 et
753 1438 837 1471 fieri
854 1439 980 1479 potest
996 1439 1143 1471 tantum
1167 1448 1237 1481 per
1261 1440 1336 1472 tria
1360 1439 1520 1473 consilia
1544 1440 1774 1473 universalia

116 1492 313 1534 predicta3
341 1494 378 1526 et
394 1493 481 1526 ideo
500 1493 593 1526 dicit
610 1493 765 1534 ibidem,
785 1494 885 1535 quod
903 1495 950 1527 ad
967 1494 1160 1528 seculares
1178 1495 1346 1536 pertinet
1365 1497 1512 1529 tantum
1525 1496 1775 1539 particularia

115 1548 203 1581 vota
231 1549 384 1591 offerre,
411 1550 459 1582 ad
484 1549 689 1592 religiosos
721 1551 849 1583 autem
881 1550 1112 1584 universalia
1144 1552 1254 1592 vota3
1285 1551 1384 1585 unde
1414 1552 1663 1594 particularia
1687 1554 1774 1585 vota

117 1603 296 1637 dicuntur
325 1605 513 1638 sacrificia
541 1614 648 1638 more
673 1606 858 1646 veterum,
890 1606 936 1639 de
965 1606 1071 1639 cuius
1100 1607 1249 1640 ratione
1280 1608 1367 1649 fuit,
1393 1608 1438 1641 de
1471 1608 1667 1641 offertorio
1692 1609 1772 1641 Deo

116 1658 245 1693 oblato
274 1661 414 1703 partim
440 1661 531 1694 dare
560 1662 598 1694 et
624 1662 766 1704 partim
793 1663 988 1703 retinere3
1019 1662 1252 1696 universalia
1280 1673 1368 1696 vero
1393 1665 1481 1696 vota
1509 1663 1773 1697 holocaustum

114 1715 306 1756 dicuntur,
326 1717 372 1750 de
389 1717 496 1749 cuius
520 1717 670 1751 ratione
698 1718 785 1760 fuit,
813 1719 935 1751 totum
961 1718 1040 1751 Deo
1071 1718 1210 1751 offerre
1243 1720 1281 1752 et
1311 1719 1429 1752 nichil
1457 1720 1639 1760 retinere,
1673 1720 1774 1761 quod

115 1772 284 1813 pertinet
308 1773 355 1806 ad
387 1773 489 1806 solos
516 1773 721 1816 religiosos
754 1783 794 1808 se
822 1775 860 1808 et
889 1784 957 1807 sua
981 1774 1019 1807 in
1048 1775 1203 1808 modum
1228 1775 1425 1808 cuiusdam
1454 1775 1666 1809 holocausti
1692 1776 1772 1809 Deo

117 1827 350 1861 dedicantes.

160 1897 173 1913 «
195 1883 252 1916 Ex
270 1884 407 1925 quibus
439 1885 613 1926 sequitur
640 1885 854 1927 undecima,
882 1886 983 1927 quod
1009 1886 1186 1919 abdicare
1212 1882 1440 1928 quemquam
1465 1887 1592 1920 omnia
1616 1889 1773 1930 propter

115 1938 309 1972 Christum
337 1941 447 1973 extra
474 1941 666 1982 predictas
694 1941 906 1984 religiones
930 1943 1119 1975 manendo
1145 1951 1223 1982 seu,
1244 1943 1316 1974 nisi
1342 1952 1470 1975 veram
1495 1943 1662 1984 aliquam
1686 1944 1772 1977 reli-

113 1994 270 2037 gionem
306 1995 562 2037 ingrediatur,
599 1998 670 2036 est,
709 1996 782 2029 sibi
818 1998 856 2029 et
891 1997 982 2039 suis,
1017 2006 1179 2038 quorum
1209 2007 1300 2030 eura
1329 1998 1401 2030 sibi
1433 1999 1631 2040 incumbit,
1656 1999 1772 2032 vitam

113 2050 356 2090 subtrahere,
383 2051 485 2093 quod
509 2053 567 2085 est
591 2051 839 2085 homicidium
868 2053 924 2085 tot
956 2052 1152 2086 hominum
1181 2054 1433 2095 committere,
1460 2056 1551 2095 quot
1576 2055 1658 2087 eius
1682 2065 1772 2089 eure

113 2107 329 2140 subduntur
347 2118 356 2150 ς
386 2106 457 2140 1100
475 2109 533 2141 est
549 2108 595 2141 de
614 2109 742 2142 mente
760 2109 881 2141 5311011
900 2108 1046 2142 Thome
1071 2110 1239 2143 secunda
1263 2110 1427 2143 secunde
1446 2110 1644 2152 questione
1662 2112 1772 2146 trice-

113 2162 209 2196 sima
240 2163 356 2196 tertia
379 2165 622 2206 argumento,
653 2164 726 2198 010.

161 2232 175 2249 u
196 2218 254 2252 Ex
286 2219 422 2261 quibus
451 2219 638 2262 sequitur,
673 2219 773 2262 quod
804 2219 932 2253 nullus
957 2221 1083 2262 potest
1112 2221 1392 2255 abdicationem
1418 2223 1587 2255 omnium
1614 2226 1774 2266 propter

117 2273 311 2307 Christum
334 2276 463 2308 facere
482 2276 592 2308 extra
616 2284 746 2309 veram
771 2275 1001 2318 religionem
1018 2277 1207 2311 manendo
1225 2277 1307 2311 sine
1324 2280 1480 2320 peccato
1498 2278 1664 2320 mortali,
1684 2281 1772 2321 quia

114 2330 361 2364 subtraheret
385 2331 457 2363 sibi
482 2331 612 2364 vitam.

161 2399 176 2415 «ι
196 2386 254 2419 Ex
282 2386 420 2428 quibus
443 2387 630 2428 sequitur,
661 2387 760 2429 quod
799 2397 929 2421 omnes
957 2390 1129 2430 peccent,
1164 2389 1228 2430 qui
1258 2389 1358 2423 bona
1386 2399 1454 2423 sua
1480 2391 1708 2433 simpliciter
1732 2393 1771 2425 in

115 2441 364 2475 elemosinam
399 2441 619 2486 largiuntur
651 2444 761 2477 extra
799 2444 1029 2487 religionem
1062 2453 1191 2478 veram
1227 2446 1429 2487 manendo,
1463 2456 1536 2488 que
1576 2449 1633 2480 est
1657 2448 1772 2482 tertia

116 2497 311 2531 conclusio
336 2498 376 2531 in
402 2499 548 2532 ordine.

161 2554 242 2587 «Et
269 2554 385 2588 etiam
409 2555 511 2596 quod
535 2555 707 2597 peccent,
726 2555 791 2597 qui
816 2566 883 2589 sua
907 2557 1065 2598 propria
1089 2557 1287 2600 resignant
1312 2568 1387 2591 non
1411 2559 1599 2593 intrantes
1616 2559 1770 2603 religio-

115 2619 203 2644 nem
228 2610 396 2651 aliquam
427 2611 689 2655 approbatam,
716 2621 788 2653 que
813 2614 871 2646 est
899 2612 1046 2647 decima
1064 2614 1196 2647 octava
1218 2614 1258 2646 in
1275 2615 1422 2656 ordine,
1442 2616 1660 2650 co'incidens
1685 2627 1770 2650 cum

114 2666 232 2700 tertia
254 2666 476 2700 immediate
504 2667 739 2709 precedenti.

159 2721 249 2754 «Ex
273 2721 410 2762 quibus
429 2722 602 2763 sequitur
627 2722 786 2763 decima,
815 2724 914 2765 quod
943 2725 1165 2766 reputantes
1194 2734 1233 2758 se
1261 2725 1358 2759 bene
1387 2727 1514 2760 facere
1544 2729 1769 2762 assumendo

112 2777 352 2819 paupertatis
383 2778 600 2819 predictum
629 2779 845 2820 consilium,
881 2780 1112 2813 remanendo
1145 2781 1183 2813 in
1213 2782 1312 2815 statu
1346 2782 1524 2823 seculari,
1554 2784 1772 2818 mortaliter

112 2834 299 2875 peccant3
326 2833 438 2873 ratio,
465 2833 555 2875 quia
579 2833 666 2867 talis
691 2844 766 2867 non
791 2836 848 2868 est
877 2836 1084 2877 assumptio
1109 2837 1228 2878 ipsius
1258 2837 1332 2870 nisi
1349 2839 1563 2880 fantastica,
1591 2849 1771 2881 perversa

113 2888 152 2921 et
176 2897 252 2920 non
280 2897 384 2929 vera,
417 2889 459 2921 ut
487 2889 599 2922 docet
635 2890 810 2923 dominus
841 2890 1038 2924 Johaiines
1074 2891 1276 2925 vicesimus
1317 2895 1504 2927 secundus
1540 2896 1578 2928 in
1608 2897 1771 2938 quadam

116 2943 414 2986 extravagante:
444 2943 658 2979 Gloriosam
678 2944 882 2986 ecclesiam,
909 2948 995 2987 etc„
1026 2948 1064 2980 01
1090 2948 1188 2981 ratio
1218 2948 1320 2982 idem
1337 2951 1527 2983 convincit
1559 2951 1616 2984 Ex
1634 2953 1771 2993 quibus

117 2999 303 3041 sequitur,
320 3000 419 3042 quod
437 3000 630 3035 seculares
647 3002 845 3037 credentes
863 3011 903 3036 se
919 3003 1062 3037 mereri
1079 3003 1144 3037 tali
1158 3004 1412 3047 abdicatione,
1429 3006 1468 3040 in
1483 3007 1610 3041 seculo
1625 3008 1771 3042 scilicet
