2050 3470
806 249 943 283 ANNO
970 248 1160 282 1349-1350
1728 251 1790 285 107

155 362 282 404 jacere
309 361 390 394 sine
407 360 507 395 linea
524 362 562 394 et
578 361 659 394 sine
676 360 817 403 pluma,
836 360 966 393 tenere
984 359 1188 406 silentium,
1206 359 1277 393 nisi
1297 360 1363 393 flat
1380 369 1447 402 per
1472 359 1688 401 licentiam;
1717 359 1793 393 ele-

156 417 320 450 mosinas
337 417 507 459 recipere
527 418 565 450 et
588 425 610 449 a
638 415 741 449 nullo
758 417 901 458 potere,
920 416 1062 450 intrare
1080 417 1118 449 in
1135 415 1339 458 hospitium
1358 416 1403 448 de
1429 415 1584 449 licentia
1602 415 1760 458 hospitis
1779 426 1788 455 3

156 473 194 506 et
209 472 247 506 in
261 472 418 505 introitu
436 473 474 505 et
490 473 609 505 eciam
633 472 671 504 in
689 472 792 505 exitu
810 469 936 504 dicere
955 471 1153 513 quinquies
1171 470 1286 504 Pater
1302 471 1440 503 Noster
1452 473 1489 503 et
1502 470 1699 512 quinquies
1709 471 1786 504 Ave

155 528 287 562 Maria.
298 528 405 567 Item,
421 528 546 561 dicere
563 527 731 569 qualibet
744 527 804 560 dic
818 527 856 559 in
875 536 983 560 mane
1002 529 1059 560 ter
1076 527 1241 569 quinque
1267 527 1382 558 Pater
1397 526 1533 558 Noster
1547 527 1585 558 et
1600 527 1659 559 ter
1675 526 1782 567 quin-

155 592 228 626 que
251 584 328 617 Ave
346 584 489 623 Maria;
515 586 552 617 et
579 585 710 626 postea
726 584 846 617 adhuc
875 584 1086 625 quinquies,
1106 582 1251 615 seilicet
1279 582 1444 623 quinque
1474 583 1646 624 genubus
1676 582 1782 614 flexis

154 640 241 672 ante
268 639 480 681 prandium,
505 641 543 672 ct
577 639 741 681 quinque
777 640 860 681 post
884 639 1083 680 prandium
1115 639 1153 671 et
1179 638 1344 680 quinque
1372 646 1439 678 per
1471 638 1631 676 noctem,
1658 637 1785 670 lavare

152 703 283 727 manus
308 703 392 727 suas
419 695 591 737 genubus
610 694 716 726 flexis
741 694 785 726 ad
804 695 944 726 terram
963 696 1048 726 ante
1063 693 1275 735 prandium,
1290 694 1325 725 et
1342 702 1414 725 non
1427 691 1530 734 loqui
1548 692 1593 724 ad
1611 701 1778 726 mensam

154 749 235 782 sine
263 748 427 782 licentia.
457 748 553 782 Item
582 757 654 781 non
671 750 799 791 jurare
830 750 1072 791 juramentun
1104 750 1262 790 tangens
1290 748 1440 781 Domini
1472 747 1699 789 passionem,
1717 757 1786 781 nec

153 803 279 837 dic-ere
296 803 410 837 verba
427 803 658 845 blasphemie
676 805 753 836 toto
778 812 888 836 cursu
914 804 989 836 vite
1018 812 1097 842 suc,
1131 803 1168 835 in
1202 803 1383 844 quantum
1402 803 1519 843 potes.
1546 801 1656 842 Item,
1684 803 1786 835 omni

153 859 215 892 die
246 858 437 892 Passionis
474 859 682 898 Dominice,
718 859 889 900 jejunare
920 859 956 890 in
985 858 1080 891 escis
1105 856 1494 900 quadragesimalibus
1524 857 1561 889 in
1602 859 1784 899 quantum

153 914 309 956 poteris,
349 915 387 947 et
415 915 454 946 tu
482 914 612 954 vives;
639 915 676 946 et
702 914 763 947 die
791 914 948 946 Veneris
988 914 1024 945 in
1055 922 1267 955 parasceve,
1297 914 1337 945 tu
1374 911 1631 954 disciplinabis
1671 914 1788 946 temet

152 969 275 1012 ipsum
293 970 351 1002 ter
367 968 488 1002 solum
506 970 582 1002 tam
595 969 640 1002 de
658 969 718 1002 die
736 978 847 1010 quam
864 970 909 1001 de
928 970 1048 1014 nocte,
1064 970 1101 1001 et
1116 970 1343 1010 portantum
1372 968 1534 1009 spatium
1553 968 1651 1009 quod
1668 969 1787 1010 possis

153 1024 279 1057 dicere
296 1024 494 1066 quinquies
519 1025 631 1058 Pater
657 1025 794 1057 Noster
822 1026 860 1057 et
887 1024 1086 1065 quinquies
1118 1024 1195 1056 Ave
1215 1023 1351 1056 Maria,
1375 1022 1484 1062 Item,
1503 1023 1535 1056 si
1553 1022 1689 1064 aliquis
1707 1024 1786 1057 tra-

152 1079 254 1112 trum
270 1080 484 1112 nostrorum
502 1089 586 1113 cum
600 1079 674 1113 alio
699 1080 818 1113 fratre
835 1089 901 1112 suo
919 1080 1100 1119 decertet,
1129 1079 1258 1112 dicens
1275 1078 1374 1120 quod
1403 1078 1609 1111 mentiatur
1633 1079 1671 1111 et
1687 1079 1785 1119 quod

153 1134 203 1167 sit
225 1135 498 1174 contradicens,
524 1135 604 1177 ipse
621 1135 817 1168 emendam
834 1134 1006 1176 prebebit
1026 1143 1094 1176 per
1122 1134 1388 1167 discretionem
1406 1134 1622 1166 nostrorum
1638 1134 1783 1166 contes-

152 1197 290 1222 sorum.
318 1188 426 1229 Item,
451 1189 492 1222 tu
524 1199 598 1222 non
629 1190 798 1230 portabis
815 1190 1025 1222 armaturas
1043 1198 1111 1222 nec
1143 1189 1215 1221 ibis
1237 1189 1275 1220 in
1305 1187 1415 1221 bellis
1441 1197 1508 1229 pro
1535 1197 1784 1229 quocumque,

153 1245 308 1286 excepto
326 1244 390 1276 tuo
416 1253 504 1276 vero
532 1244 708 1277 Domino.
739 1244 847 1283 Item,
877 1243 1002 1276 nullus
1030 1244 1192 1285 deponat
1208 1252 1359 1276 crucem
1381 1243 1518 1283 eundo,
1536 1243 1700 1276 sedendo
1727 1243 1784 1276 vel

151 1299 321 1342 jacendo,
340 1299 403 1341 qui
426 1308 500 1332 non
522 1299 658 1332 habeat
687 1298 875 1332 colobium
899 1298 957 1331 vel
983 1297 1180 1339 capellum.
1211 1297 1320 1337 Item,
1340 1306 1448 1330 nemo
1467 1298 1580 1331 debet
1607 1297 1712 1330 exire
1739 1298 1785 1330 de

151 1354 332 1388 societate
355 1363 426 1388 nec
449 1361 561 1387 sanus
590 1363 658 1387 nec
686 1363 779 1397 eger
805 1354 887 1387 sine
904 1353 1071 1393 licentia,
1090 1362 1159 1387 nec
1171 1354 1305 1387 sedere
1323 1354 1368 1386 ad
1386 1361 1554 1386 mensam
1571 1352 1652 1385 sine
1670 1352 1782 1386 licen-

152 1409 216 1443 tia.
231 1409 341 1450 Item,
356 1409 482 1443 nullus
497 1418 537 1443 se
551 1409 766 1451 disciplinet
788 1410 827 1442 in
851 1410 996 1442 tantum
1010 1409 1108 1451 quod
1127 1409 1244 1450 possit
1267 1407 1450 1451 languere
1468 1407 1526 1441 vel
1541 1408 1650 1440 mori.
1673 1408 1782 1448 Item,

151 1465 192 1498 tu
220 1465 334 1498 debes
363 1465 453 1498 dare
477 1464 703 1498 elemosinas
734 1465 963 1506 pauperibus
996 1464 1202 1497 seeundum
1241 1464 1347 1497 tuum
1372 1472 1496 1506 posse.
1527 1462 1636 1503 Item,
1660 1473 1783 1503 nemo,

151 1521 294 1554 tantum
307 1520 356 1553 sit
371 1520 475 1553 dives
491 1519 550 1554 vel
568 1529 740 1562 magnus,
755 1520 867 1553 debet
890 1519 1111 1553 elemosinas
1129 1520 1297 1552 refutare
1321 1529 1389 1560 pro
1422 1527 1551 1552 amore
1570 1519 1650 1552 Dei.
1687 1519 1782 1553 Item

152 1576 192 1609 tu
206 1575 320 1608 debes
336 1584 421 1608 cum
447 1574 643 1608 intellectu
657 1574 797 1608 habere
811 1584 876 1607 cor
889 1584 973 1608 cum
991 1583 1055 1607 ore
1072 1574 1110 1607 in
1124 1573 1235 1607 laude
1260 1578 1298 1607 et
1311 1574 1520 1616 penitentia
1544 1582 1783 1616 perseveran-

152 1631 213 1664 ter
229 1631 268 1664 et
294 1639 404 1663 orare
431 1639 499 1672 pro
528 1631 607 1663 tota
634 1632 764 1663 sancta
789 1629 1078 1669 christianitate,
1108 1630 1207 1671 quod
1233 1630 1333 1663 Deus
1365 1639 1512 1663 cessare
1543 1629 1660 1662 faciat
1685 1629 1782 1663 hanc

151 1685 434 1726 mortalitatem,
461 1686 499 1719 et
526 1685 634 1718 nobis
658 1684 855 1728 indulgeat
879 1688 1008 1718 nostra
1031 1687 1195 1727 peccata.
1230 1685 1339 1724 Item,
1370 1685 1401 1717 si
1430 1684 1567 1726 aliquis
1591 1685 1649 1717 est
1665 1686 1783 1717 trans-

150 1741 328 1784 grediens
355 1740 413 1774 vel
439 1741 712 1781 contradicens,
727 1741 807 1783 ipse
824 1741 1026 1774 emendare
1044 1741 1156 1773 debet
1171 1749 1240 1782 per
1257 1740 1523 1773 discretionem
1543 1740 1781 1782 superiorum

151 1798 420 1837 confessorum,
446 1797 564 1838 etqui
581 1805 827 1839 perseverans
855 1797 1069 1838 reperietur
1096 1805 1215 1837 usque
1243 1796 1282 1828 in
1300 1795 1426 1837 tinem,
1446 1793 1708 1837 privilegiatus
1725 1796 1784 1828 est

150 1860 219 1895 per
233 1852 303 1885 Dei
315 1851 479 1894 gratiam
496 1851 681 1894 regnandi
705 1852 744 1884 in
760 1851 900 1894 gloria.
920 1851 1028 1891 Item,
1046 1851 1077 1883 si
1106 1850 1242 1892 aliquis
1271 1851 1432 1883 fratrum
1456 1850 1658 1883 decederet
1683 1850 1784 1883 infra

149 1907 353 1940 terminum
367 1906 566 1948 disciplina
578 1907 750 1947 durante,
768 1907 1024 1948 unusquisque
1042 1907 1192 1939 tenetur
1208 1915 1248 1939 se
1266 1905 1508 1947 disciplinare
1534 1915 1603 1948 per
1619 1905 1782 1947 spatium

150 1965 208 1997 ter
231 1963 396 2005 quinque
424 1962 540 1996 Pater
557 1962 695 1995 Noster
719 1964 756 1996 et
783 1963 842 1996 ter
873 1962 1039 2004 quinque
1067 1962 1146 1995 Ave
1171 1961 1308 1995 Maria.
1337 1961 1435 1995 Item
1466 1960 1652 2001 volumus,
1678 1961 1776 2003 quod

149 2018 407 2060 unusquisque
437 2018 486 2051 sit
517 2018 706 2061 obligatus
733 2018 780 2052 ad
818 2019 1033 2061 ponendum
1067 2017 1239 2051 habitum
1271 2026 1380 2050 suum
1408 2016 1707 2059 penitentialem,
1742 2018 1781 2050 et

147 2073 364 2116 scorpiones
381 2082 495 2116 supra
517 2082 626 2106 suum
653 2072 804 2114 lectum,
830 2073 877 2106 ad
901 2073 1140 2107 retinendum
1168 2073 1390 2106 memoriam
1417 2073 1602 2114 passionis
1627 2073 1777 2106 Domini

147 2128 266 2162 nostri
288 2128 311 2162 J
315 2127 408 2162 hesu
433 2127 561 2162 Cristi.
591 2128 700 2169 Item,
719 2131 759 2162 tu
783 2131 821 2162 te
837 2129 951 2163 debes
968 2128 1140 2171 obligare
1157 2128 1204 2162 ad
1228 2129 1345 2161 totam
1369 2128 1635 2161 abstinentiam
1653 2128 1779 2161 carnis

145 2183 362 2226 specialiter
388 2184 466 2216 toto
506 2193 617 2216 cursu
649 2184 725 2217 vite
752 2184 828 2224 tue,
854 2184 893 2217 et
915 2183 1106 2216 custodire
1130 2184 1258 2217 sancte
1283 2184 1389 2216 tuum
1419 2183 1705 2216 matrimonium
1743 2186 1781 2217 et

145 2247 220 2272 non
246 2239 375 2281 Jurare
398 2240 437 2273 in
453 2249 606 2274 vanum.
628 2240 737 2281 Item,
756 2241 854 2283 quod
873 2249 1002 2274 omnes
1018 2249 1059 2274 se
1075 2239 1289 2273 custodiant
1312 2239 1358 2272 de
1375 2248 1440 2272 esu
1469 2239 1638 2272 carnium
1656 2239 1693 2272 in
1712 2239 1775 2272 die

147 2294 339 2328 Mercurii.
362 2310 378 2324 η

188 2348 324 2384 Omnia
353 2351 580 2393 supradicta,
609 2359 682 2393 quc
713 2351 897 2384 intrantes
920 2351 1202 2393 promittebant,
1231 2350 1354 2392 prima
1377 2349 1475 2383 facie
1499 2351 1681 2392 apparent
1716 2359 1777 2384 res

145 2404 302 2439 honeste
324 2406 361 2439 et
377 2406 522 2446 devote,
541 2407 571 2438 si
600 2415 665 2439 cor
688 2406 746 2439 ori
777 2407 1035 2446 concordaret,
1069 2408 1107 2440 et
1130 2407 1161 2438 si
1186 2406 1474 2448 perseverancia
1498 2406 1712 2447 appareret,
1740 2408 1779 2439 et

144 2461 274 2494 sancta
295 2462 416 2494 mater
439 2460 599 2495 ecclesia
622 2461 661 2494 in
678 2461 749 2494 hoc
761 2470 985 2495 consensum
1001 2463 1039 2496 et
1055 2460 1321 2495 auctoritatem
1341 2461 1551 2494 adhiberet.

190 2515 375 2555 Quoniam
399 2517 525 2550 autem
542 2517 642 2550 Deus
667 2516 769 2550 solus
786 2518 843 2551 est
859 2517 1034 2560 cognitor
1050 2518 1281 2550 secretorum
1306 2517 1344 2549 et
1367 2516 1549 2556 cordium,
1569 2516 1633 2558 qui
1659 2516 1750 2549 dicit
1769 2526 1776 2549 :

148 2584 164 2598 ιι
183 2570 271 2605 Sine
298 2580 358 2604 me
385 2571 501 2604 nichil
530 2572 687 2614 potestis
715 2572 854 2612 facere,
874 2587 890 2600 n
917 2572 1057 2605 idcirco
1083 2582 1156 2605 non
1185 2572 1345 2605 interest
1369 2580 1453 2605 mea
1477 2573 1688 2614 approbare
1717 2572 1782 2605 aut

146 2626 372 2668 reprobare;
404 2627 442 2660 et
465 2627 561 2660 sicut
577 2627 669 2659 dicit
695 2627 827 2660 beatus
849 2627 1107 2670 Augustinus:
1135 2641 1151 2654 ιι
1170 2627 1315 2660 Cotidie
1344 2626 1538 2660 celebrare
1566 2635 1635 2661 nec
1669 2627 1780 2660 laudo

147 2689 215 2714 nec
228 2681 418 2724 vituper03
434 2697 450 2710 n
469 2684 507 2715 et
529 2683 679 2724 sapiens
707 2681 850 2716 Seneca
867 2693 874 2715 ε
903 2697 919 2710 ιι
935 2683 1064 2716 Lauda
1081 2691 1205 2725 parce,
1219 2683 1394 2725 vitupera
1409 2682 1583 2724 parcius;
1602 2697 1618 2711 n
1642 2683 1680 2715 et
1695 2682 1779 2716 ideo

145 2735 329 2777 iudicium
347 2737 540 2770 committo
564 2737 636 2780 ipsi
670 2737 748 2770 Deo
773 2746 918 2771 summo
943 2740 980 2771 et
997 2739 1124 2771 sancte
1152 2738 1264 2771 matri
1293 2737 1465 2778 ecclesie,
1501 2738 1602 2780 quia,
1637 2738 1668 2770 si
1695 2738 1780 2771 finis

148 2790 268 2824 bonus
284 2793 353 2832 est,
367 2793 487 2825 totum
502 2793 707 2835 precedens
735 2793 809 2826 erit
836 2793 974 2826 bonum
989 2804 998 2834 ς
1028 2794 1084 2826 est
1097 2794 1222 2826 autem
1240 2793 1462 2826 intentionis
1479 2802 1561 2827 mee
1575 2793 1613 2826 in
1628 2793 1778 2836 scriptis

147 2845 269 2890 redigi
297 2847 423 2881 facere
454 2847 499 2881 ad
524 2848 696 2881 notitiam
720 2849 948 2890 futurorum,
965 2849 1055 2890 quia
1078 2848 1154 2882 tale
1177 2849 1266 2890 quid
1301 2858 1491 2891 nunquam
1515 2849 1637 2882 visum
1665 2849 1738 2882 fuit
1757 2858 1779 2882 a

148 2910 384 2944 quocumque
414 2903 646 2945 temporibus
670 2903 875 2945 preteritis,
899 2903 1045 2937 scilicet
1068 2904 1218 2937 modum
1243 2904 1346 2946 tacti,
1365 2905 1516 2938 modum
1539 2905 1712 2944 vestium,
1741 2906 1779 2937 et

148 2955 311 3001 qualiter
337 2957 375 2991 in
403 2958 612 3002 penitentia
651 2959 822 2993 facienda
852 2968 892 2992 se
915 2959 1106 3004 gerebant.
1145 2959 1254 2995 Multi
1296 2959 1461 3003 plurima
1498 2960 1713 2994 scribebant
1741 2965 1779 2994 et
