2050 3470
951 254 1090 288 ANNO
1111 254 1196 287 1517
1792 258 1857 291 299

245 368 354 402 Anno
384 366 537 401 Domini
565 365 769 400 millesimo
788 365 1096 409 quingentesimo
1114 367 1221 409 xvij⁰‚
1239 366 1380 400 mensis
1395 366 1625 401 Nouembris
1644 367 1706 401 dic
1723 368 1855 408 tercia,

199 433 271 467 ego
299 424 465 458 ,Iacobus
495 424 542 456 de
567 423 725 463 Palude‚
744 423 999 456 subdiaconus
1016 422 1323 465 venerabilisque
1340 423 1446 456 curie
1474 422 1727 457 Tornacensis
1748 424 1852 458 nota-

200 480 281 513 rius
303 480 342 513 et
366 478 562 521 apparitor
585 479 748 520 juratus,
773 479 954 512 executus
980 488 1063 511 sum
1095 488 1252 520 presens
1270 480 1490 512 mandatum
1513 480 1554 521 Jn
1575 480 1748 522 personis
1773 489 1855 522 pre-

202 535 415 577 positorum
440 534 478 567 et
505 534 721 575 juratorum
748 533 860 567 huius
879 534 1047 566 ciuitatis
1065 534 1103 567 et
1120 534 1209 567 ville
1227 534 1480 567 Tornacensis
1510 535 1551 576 jn
1576 544 1709 568 eorum
1726 534 1856 577 phalla

201 590 538 633 congregatorum,
580 590 810 632 assignando
848 589 902 622 eis
938 589 1039 622 diem
1077 590 1123 622 ad
1153 590 1353 623 sabbatum
1385 590 1533 632 prccisc
1570 591 1657 623 ante
1696 590 1851 633 Martinj

200 645 388 688 hyemalis
413 645 460 678 ad
477 645 681 678 videndum
705 646 744 678 et
767 645 999 678 audiendum
1027 644 1223 678 declarare
1246 646 1427 687 jncidisse
1451 646 1490 678 ct
1512 645 1721 687 jncurrisse
1739 655 1856 688 penas

199 701 241 743 jn
261 701 362 734 dicto
387 700 564 734 mandato
591 701 802 741 contentas,
832 701 1001 743 alioquin
1030 700 1231 734 dicendum
1256 701 1295 734 et
1318 701 1607 744 proponendum
1639 711 1771 735 causas
1788 711 1856 735 cur

199 756 239 798 jd
257 756 343 790 fieri
360 765 434 788 non
459 756 608 789 debeat.
636 755 708 795 Qui
733 756 887 798 quidem
914 756 1109 798 petierunt
1137 756 1209 789 sibi
1238 756 1338 790 tradi
1370 756 1480 798 copia
1506 757 1696 799 presentis
1720 765 1855 791 execu-

199 811 328 852 tionis,
347 820 460 853 quam
477 811 533 845 eis
550 811 691 845 tradidi
709 813 748 845 et
764 811 990 854 deliberauj.

243 866 381 901 Actum
406 875 519 907 anno,
548 866 610 900 die
639 867 677 900 et
703 875 834 901 mense
863 866 1060 909 predictis.
1096 866 1254 901 Palude.

553 944 757 978 Nationale
782 944 1027 979 Bibliotheek
1043 946 1081 979 te
1100 946 1236 988 Parijs,
1256 945 1330 980 HS.
1356 945 1486 981 Fonds
1501 946 1671 990 franpaz's
1688 952 1727 980 nr
1750 945 1839 980 9009
1853 973 1862 990 ,

599 999 665 1033 sol.
694 998 716 1032 2
740 1008 787 1034 en
811 1009 936 1034 verso.
