2050 3470
260 284 300 316 16
895 284 1031 318 ANNO
1058 283 1242 317 1175-1177

256 392 415 425 concilio
432 392 568 435 pulsati
596 394 694 425 sunt.
712 391 781 431 Qui
807 392 957 434 quidem
980 392 1092 425 corde
1116 393 1317 425 credebant
1341 393 1386 425 ad
1408 393 1604 434 justitiam,
1622 395 1710 436 quia
1734 395 1869 437 spiritu

257 448 390 480 armati
405 448 636 480 fortitudinis
653 456 718 481 ore
735 448 815 480 ausi
832 449 918 480 sunt
933 447 1103 480 confiteri
1121 447 1166 480 ad
1183 447 1355 488 salutem,
1373 447 1419 480 de
1436 450 1520 481 cetu
1537 457 1667 482 eorum
1684 450 1873 492 projectos

254 505 415 535 vestram
433 502 641 534 audivimus
659 502 806 535 audisse
819 502 1094 544 paternitatem.
1111 501 1187 534 Nos
1205 498 1307 541 vero,
1324 501 1484 534 eundem
1496 503 1670 544 spiritum
1686 503 1874 537 fortitudi-

255 558 311 589 nis
329 567 394 590 nos
411 557 550 590 habere
567 559 753 599 putantes,
767 556 837 589 hoc
854 557 953 589 idem
969 557 1108 597 absque
1124 557 1421 598 interrogatione
1445 566 1511 590 nos
1527 559 1696 600 profiteri
1723 560 1874 602 paratos

253 612 306 644 eis
331 612 647 654 spoponderamus
666 622 675 653 ;
700 612 763 645 sed
788 620 917 645 eorum
934 611 1134 653 prudentia
1148 611 1458 653 promissionibus
1481 613 1585 645 vanis
1609 623 1683 646 non
1701 614 1872 654 credens,

257 667 368 698 immo
382 666 632 700 imbecillitati
650 668 776 699 nostre
790 666 985 698 caritative
1002 665 1198 698 consulens
1222 674 1268 698 ne
1286 666 1358 698 nisi
1379 675 1446 708 per
1472 668 1598 700 omnia
1609 669 1730 701 vocati
1747 677 1874 711 proce-

252 722 425 755 deremus
442 721 499 754 vel
515 722 713 763 quicquam
737 721 959 760 diceremus,
982 720 1205 753 temeritatis
1236 720 1348 762 hujus
1372 722 1693 764 presumptionem
1716 722 1873 756 consilio

252 777 361 810 simul
380 780 415 810 et
430 776 683 819 prohibitione
697 777 965 809 refrenaverat.
984 775 1197 814 Enimvero,
1213 774 1403 816 aliquanto
1417 775 1543 818 elapso
1561 778 1743 819 tempore,
1771 777 1873 819 quod

255 842 381 866 semen
396 834 499 866 verbi
519 833 587 865 Dei
606 842 678 865 non
696 832 831 864 bonam
845 832 984 864 terram
996 831 1034 863 in
1051 831 1225 864 cordibus
1244 832 1393 871 nostris,
1412 832 1473 865 sed
1490 833 1636 874 petram
1652 833 1870 872 invenisset,

253 888 526 930 persecutionis
563 886 813 920 ventilabrum
851 888 936 923 tam,
955 886 1061 918 nobis
1092 886 1183 927 ipsis
1210 895 1323 927 quam
1349 886 1477 919 multis
1505 887 1589 920 aliis
1616 887 1701 921 luce
1731 887 1872 921 clarius

254 944 413 985 aperuit,
432 943 521 975 dum
545 952 611 975 nos
628 942 690 983 qui
709 942 754 974 ad
767 943 914 983 tempus
927 941 1219 982 credideramus,
1243 941 1388 974 radices
1412 951 1486 974 non
1504 941 1686 975 habentes
1702 943 1874 985 tempore

254 998 511 1040 temptationis
529 997 707 1030 aruimus.
727 997 822 1029 Nam
846 1005 929 1028 cum
947 996 1115 1038 prefatus
1131 995 1367 1037 LambertuS,
1390 996 1479 1038 quia
1500 996 1782 1039 presentialiter
1797 1006 1872 1030 non

251 1054 409 1095 poterat,
432 1052 581 1093 scriptis
608 1051 762 1093 propria
777 1060 888 1083 manu
906 1051 944 1083 et
957 1050 1185 1083 transmissis
1213 1050 1526 1092 appellationibus
1540 1060 1616 1091 eos,
1632 1052 1749 1093 quiin
1763 1052 1870 1085 inno-

250 1108 410 1140 centiam
425 1115 528 1140 suam
543 1106 665 1139 acrius
679 1106 840 1148 grassati
857 1105 1090 1145 videbantur,
1106 1105 1152 1138 ad
1168 1105 1265 1138 sedis
1293 1105 1497 1147 apostolice
1520 1106 1704 1148 judicium
1719 1115 1867 1140 evocas-

253 1164 321 1202 set,
358 1163 438 1194 tota
471 1161 668 1194 adversum
700 1170 767 1193 nos
806 1161 1079 1202 persecutionis
1113 1161 1326 1202 tempestas,
1366 1169 1439 1202 que
1473 1169 1650 1203 processu
1687 1161 1870 1204 temporis

250 1216 444 1259 paululum
460 1217 634 1259 mitigata
649 1216 858 1255 videbatur,
874 1224 1005 1248 rursus
1021 1214 1222 1255 inhorruit,
1250 1215 1350 1257 ipsos
1382 1215 1447 1257 qui
1463 1215 1726 1258 appellationis
1750 1214 1872 1258 baiuli

251 1273 413 1312 fuerant,
427 1272 568 1314 primos
580 1270 786 1304 involvens.
805 1271 888 1304 Duo
905 1270 1046 1304 etenim
1062 1279 1204 1310 eorum,
1220 1270 1284 1312 qui
1301 1270 1346 1303 ad
1359 1270 1532 1304 abbatem
1545 1271 1591 1304 de
1608 1270 1788 1305 Floreffia
1801 1269 1872 1304 hac

250 1328 296 1360 de
319 1335 432 1360 causa
459 1327 593 1360 directi
619 1327 781 1366 fuerant,
812 1327 858 1359 ab
889 1334 933 1359 eo
957 1325 1269 1368 capti,cathenati
1296 1326 1334 1358 et
1356 1326 1395 1358 in
1423 1325 1587 1358 claustro
1618 1325 1871 1360 ecclesiastico

251 1383 472 1417 afflictiones
511 1382 719 1416 carcerales
746 1382 904 1425 experti,
943 1385 1070 1415 utrum
1105 1381 1299 1414 custodum
1334 1381 1520 1415 industria
1554 1390 1602 1415 an
1636 1380 1872 1425 negligentia

248 1440 446 1478 incertum,
471 1438 555 1480 post
583 1438 665 1470 octo
690 1437 770 1470 dies
787 1438 872 1469 sunt
888 1436 1018 1478 elapsi.
1047 1436 1205 1475 Quidam
1229 1437 1354 1469 autem
1382 1435 1639 1470 claustralium
1663 1436 1808 1470 altioris
1833 1436 1872 1470 et

249 1493 482 1535 benignioris
513 1491 766 1535 intelligentie
798 1491 1027 1524 horrendum
1058 1500 1140 1524 esse
1171 1493 1209 1524 et
1223 1492 1502 1524 monstruosum
1518 1492 1736 1525 asserebant
1760 1491 1806 1525 ab
1824 1499 1870 1524 ea

249 1548 409 1582 ecclesia
428 1547 622 1580 Dominice
639 1547 823 1589 passionis
847 1547 1028 1588 mysteria
1061 1546 1245 1579 celebrari
1269 1546 1346 1578 sive
1373 1555 1440 1588 pro
1469 1546 1617 1579 afflictis
1647 1547 1685 1579 et
1712 1547 1868 1589 captivis

248 1604 363 1643 orari,
382 1612 454 1644 que
469 1603 634 1645 captivos
651 1603 732 1644 ipsa
749 1601 962 1643 affligendo,
981 1601 1079 1642 quod
1092 1609 1114 1633 a
1130 1601 1208 1633 Deo
1225 1601 1376 1642 petebat
1392 1601 1489 1640 fieri,
1507 1609 1547 1634 se
1574 1600 1675 1634 nolle
1703 1610 1868 1643 compro-

246 1659 370 1692 babat.
390 1658 494 1692 Alius
512 1659 653 1697 itidem,
680 1657 743 1698 qui
772 1657 897 1689 abbati
922 1656 967 1689 de
996 1656 1129 1689 Sancto
1159 1656 1361 1688 Laurentio
1391 1655 1654 1697 appellationis
1686 1655 1870 1690 cartulam

244 1716 479 1756 porrexerat,
500 1714 545 1746 ab
563 1713 643 1754 ipso
661 1714 698 1745 et
713 1712 896 1744 ministris
913 1711 989 1743 suis
1005 1711 1196 1744 insecutus
1211 1712 1261 1750 et,
1279 1712 1320 1743 ut
1337 1710 1731 1752 comprehenderetur,
1750 1710 1868 1744 multo

246 1769 426 1801 scrutinio
443 1777 511 1810 per
528 1767 694 1800 triduum
718 1767 897 1808 quesitus,
923 1766 985 1798 vix
1001 1765 1150 1808 elapsus
1166 1767 1232 1799 est.
1262 1764 1368 1798 Alius
1393 1766 1507 1798 etiam
1531 1766 1676 1799 abbatis
1701 1765 1867 1800 Cornelii

242 1824 392 1864 montis,
425 1824 484 1856 cui
516 1821 807 1865 appellationem
835 1822 1055 1863 porrexerat
1085 1822 1123 1853 et
1160 1821 1416 1862 nunciaverat,
1454 1821 1755 1863 persecutionem
1789 1829 1864 1854 non

240 1879 364 1911 ferens
382 1879 419 1912 et
434 1878 514 1919 ipse
527 1877 686 1920 aufugit.

286 1932 362 1965 Nos
393 1941 480 1965 vero
509 1933 681 1965 omnibus
708 1930 1002 1966 miserabiliores
1030 1931 1076 1964 ad
1101 1930 1295 1972 judicium,
1329 1931 1503 1973 episcopo
1531 1931 1658 1964 tamen
1701 1931 1868 1972 absente,

242 1987 375 2026 vocati,
394 1997 478 2020 cum
491 1988 712 2020 vidissemus
738 1984 891 2019 ventum
917 1985 1082 2019 validum
1104 1986 1317 2019 venientem
1340 1985 1545 2025 timuimus,
1565 1986 1742 2027 omnique
1757 1986 1864 2019 forti-

243 2042 372 2075 tudine
389 2043 557 2076 destituti
589 2042 953 2084 promissionumque
970 2041 1214 2083 pristinarum
1244 2041 1482 2074 immemores
1514 2041 1554 2073 in
1582 2040 1700 2073 oculis
1732 2041 1802 2074 Dei
1829 2041 1868 2074 et

242 2096 436 2130 hominum
465 2097 674 2130 corruendo
701 2105 796 2138 pene
824 2094 1110 2136 desperabiliter
1137 2104 1263 2127 sumus
1288 2094 1399 2127 allisi.
1428 2094 1526 2127 Hinc
1551 2103 1712 2136 namque
1738 2095 1863 2136 minis,

244 2151 330 2185 inde
347 2152 532 2194 precibus,
562 2151 650 2184 hinc
680 2151 885 2190 blanditiiS,
910 2150 997 2183 inde
1024 2150 1233 2183 terroribus
1250 2149 1390 2182 diutius
1408 2149 1553 2192 agitati,
1571 2149 1722 2183 tandem
1735 2149 1866 2183 dolosa

243 2207 374 2240 decani
389 2207 508 2239 nostri
524 2207 767 2248 persuasione
780 2205 826 2238 ad
842 2205 892 2244 id,
911 2205 1009 2246 quod
1025 2213 1092 2246 per
1108 2213 1171 2237 eos
1189 2204 1390 2244 nitebatur,
1417 2203 1586 2237 diabolus
1604 2213 1672 2237 nos
1691 2204 1863 2237 obtinuit.

243 2262 323 2295 Hec
337 2263 462 2294 autem
480 2263 560 2294 erat
577 2270 721 2294 summa
736 2259 1023 2293 machinationis
1040 2268 1170 2292 eorum
1186 2259 1358 2300 intentio,
1372 2260 1414 2291 ut
1429 2259 1607 2292 domnum
1623 2259 1866 2292 Lambertum

243 2316 506 2358 presbiterum,
522 2324 633 2357 quem
649 2315 732 2357 post
748 2314 975 2356 captivitatis
991 2313 1231 2356 naufragium
1243 2313 1282 2345 in
1295 2312 1491 2355 apostolici
1514 2313 1644 2355 portus
1659 2312 1865 2346 stabilitate

245 2371 470 2414 applicuisse
508 2370 695 2411 dolebant,
734 2370 857 2402 virum
890 2369 1021 2410 utique
1058 2367 1243 2401 catholica
1270 2369 1343 2401 fide
1366 2367 1532 2409 plenum,
1569 2368 1738 2401 caritatis
1776 2367 1861 2402 luce

245 2426 499 2467 conspicuum,
518 2425 623 2466 quasi
633 2424 841 2457 hereticum
858 2432 925 2456 nos
941 2423 1129 2464 abnegare
1143 2423 1179 2455 et
1194 2422 1439 2464 jurejurando
1457 2422 1631 2455 abdicare
1657 2422 1862 2463 efficerent,

241 2483 283 2513 ut
301 2479 477 2513 videlicet
499 2479 556 2512 vel
574 2479 761 2512 modicum
778 2478 867 2520 quid
879 2477 1082 2510 haberetur
1095 2486 1167 2518 quo
1185 2476 1456 2518 turpitudinem
1472 2475 1706 2510 crudelitatis
1721 2476 1761 2509 in
1778 2485 1865 2510 eum

243 2535 407 2568 exercite
422 2543 569 2575 quoquo
586 2534 696 2566 modo
708 2534 860 2576 possent
873 2533 1033 2575 operire.
1053 2532 1221 2565 Instabat
1236 2532 1363 2572 itaque
1387 2531 1555 2573 prefatus
1578 2531 1740 2564 decanus
1756 2532 1863 2573 quasi

242 2591 444 2623 discrimen
466 2598 645 2632 magnum
674 2597 696 2622 a
722 2590 830 2622 nobis
851 2588 1050 2621 moliretur
1072 2588 1254 2627 avertere,
1283 2587 1476 2620 sciscitans
1499 2586 1588 2628 quid
1603 2586 1649 2620 de
1673 2595 1717 2620 eo
1734 2587 1864 2620 nostra

243 2645 402 2678 sentiret
419 2643 658 2676 conscientia.
669 2642 879 2684 Respondit
893 2650 989 2675 unus
1004 2650 1072 2683 pro
1090 2640 1274 2681 omnibus,
1284 2640 1456 2673 dominus
1470 2639 1646 2674 videlicet
1657 2639 1860 2681 Robertus,

245 2701 303 2733 vir
320 2699 479 2742 simplex
504 2701 541 2732 et
557 2700 682 2732 rectus
699 2707 740 2732 ac
762 2699 898 2731 timens
922 2698 1068 2730 Deum:
1097 2695 1261 2736 uQuare,
1292 2696 1427 2729 domne
1451 2696 1602 2736 decane,
1628 2697 1668 2728 tu
1693 2695 1730 2728 et
1752 2703 1861 2728 omne

245 2754 446 2787 concilium
463 2757 622 2787 mortem
639 2754 752 2786 sititis
768 2753 892 2786 anime
907 2760 990 2785 mee
1006 2754 1018 2785 2
1048 2752 1106 2784 An
1134 2751 1286 2784 nescitis
1299 2751 1387 2792 quia
1403 2751 1467 2792 qui
1482 2752 1590 2793 parat
1605 2751 1777 2793 proximo
1793 2759 1860 2784 suo

241 2810 399 2849 foveam,
412 2809 550 2842 incidet
564 2809 602 2840 in
620 2810 726 2841 eam}
744 2807 781 2841 Si
799 2816 870 2850 ego
887 2815 984 2846 eum,
1009 2807 1106 2839 sicut
1130 2806 1376 2848 persuadetis,
1409 2805 1618 2839 hereticum
1639 2805 1859 2847 pronuncio,

243 2864 394 2905 proprie
411 2864 540 2905 lingue
556 2871 734 2896 mucrone
745 2871 867 2895 meam
883 2861 1151 2894 conscientiam
1174 2859 1284 2893 simul
1297 2861 1336 2893 et
1351 2861 1513 2894 animam
1525 2859 1713 2893 confodio.
1733 2859 1860 2893 Nichil

239 2918 339 2951 enim
367 2918 525 2960 dignum
552 2917 857 2960 reprehensione,
889 2916 994 2949 testis
1016 2916 1073 2948 est
1099 2915 1212 2955 Deus,
1236 2924 1297 2948 me
1323 2915 1484 2957 contigit
1509 2915 1548 2947 in
1570 2923 1616 2948 eo
1637 2915 1778 2949 vidisse
1799 2914 1859 2949 vel

237 2972 399 3013 audisse,
431 2972 496 3007 sed
523 2971 593 3005 hoc
620 2981 680 3006 me
710 2972 859 3011 vidisse,
887 2969 960 3004 hoc
981 2978 1042 3004 me
1065 2970 1214 3004 audisse
1237 2969 1362 3013 palam
1389 2969 1583 3010 confiteor,
1615 2969 1704 3011 quia
1732 2971 1857 3004 vestro
