2050 3470
240 286 282 319 ·2·2
882 281 1019 316 ANNO
1044 281 1229 315 1175-1177

240 406 380 430 vocem.
398 400 438 429 ut
456 404 516 428 rcs
537 395 728 437 exigebat,
755 394 792 426 in
815 393 883 426 hcc
908 394 1023 426 verba
1046 393 1169 426 laxavi
1189 403 1196 426 :
1225 408 1240 421 ιι
1261 394 1502 429 Innocentem
1526 405 1585 429 me
1610 397 1654 429 ab
1679 397 1863 438 omnibus,

241 462 311 493 quc
330 453 398 484 istc
417 450 608 483 maliciose
627 449 839 490 composuit
857 448 1053 481 adversum
1071 457 1141 488 me,
1161 450 1438 483 examinatione
1449 452 1641 484 candentis
1660 452 1752 484 ferri
1766 452 1866 486 ultra

241 506 411 539 videlicet
437 513 622 537 canonum
647 504 879 536 sanctionem
905 503 1066 544 probare
1094 505 1265 545 paratum
1285 505 1444 543 noveris,
1463 505 1611 539 domine
1625 506 1809 547 episcope,
1829 508 1867 540 et

241 571 348 594 omne
366 561 434 593 hoc
454 558 667 591 concilium.
689 573 703 583 υ
726 558 802 591 Hoc
822 558 1031 590 vociferans
1056 566 1078 590 a
1096 559 1223 600 paucis
1251 568 1332 591 sum
1356 561 1422 601 pre
1440 559 1601 593 tumultu
1619 559 1780 601 auditus,
1802 559 1867 593 sed

242 628 263 650 a
288 617 447 654 nemine,
475 615 537 654 qui
557 613 739 646 auxilium
764 614 864 645 ferre
883 614 919 645 et
935 612 1049 645 vellet
1073 614 1109 645 et
1125 613 1279 653 valeret,
1299 614 1507 647 exauditus.
1529 615 1677 649 Clamor
1701 615 1868 648 adversa-

243 673 383 705 riorum
408 669 565 708 tollitur,
583 669 801 710 episcopum
816 669 1110 710 superconvicto
1129 668 1326 701 consilium
1352 670 1448 702 inire
1466 670 1687 711 hortantur3
1713 670 1869 704 severis-

242 728 335 759 sima
360 734 417 758 me
443 725 598 767 dignum
624 723 812 755 sententia
837 723 1001 763 undique
1023 722 1289 755 conclamatur.
1317 723 1422 756 Tunc
1446 724 1595 757 demum
1620 723 1756 757 molem
1775 725 1869 757 tanti

243 781 483 823 gramminis.
510 782 611 812 tanto
639 778 794 811 lesionis
811 780 847 809 ct
866 777 1048 818 injustitie
1066 777 1357 819 perhorrescens
1375 778 1485 812 simul
1503 781 1540 812 et
1556 788 1806 821 expavescens
1823 779 1869 812 ad

242 845 368 875 unum,
398 835 496 876 quod
521 833 642 866 solum
667 841 863 874 superesse
882 832 1079 865 videbatur
1103 833 1308 874 ereptionis
1334 843 1415 867 mee
1439 835 1647 867 remedium
1676 834 1867 877 confugio,

243 890 446 933 apostolice
464 889 575 928 sedis,
594 889 653 921 cui
671 888 795 920 divinc
814 888 964 929 pietatis
985 896 1139 920 munere
1161 889 1285 920 vestra
1301 889 1509 930 paternitas
1524 889 1690 930 presidet
1707 888 1869 931 appello,

244 944 313 985 ipsi
340 946 419 985 post
451 945 569 977 Dcum
594 953 652 976 mc
671 943 838 984 meisque
864 943 1085 975 commissis.
1104 942 1220 975 Facta
1237 944 1364 984 itaque
1386 943 1638 986 appellatione
1655 943 1871 986 appellatio-

242 999 373 1040 nisque
390 1000 563 1040 porrecto
581 997 830 1041 cyrographo,
852 998 940 1030 dum
957 997 1088 1039 egredi
1102 999 1139 1031 et
1157 998 1358 1031 abscedere
1376 1007 1562 1040 pararem,
1591 998 1694 1032 tante
1711 999 1871 1032 auctori-

243 1054 329 1086 tatis
356 1054 590 1086 invocatione
616 1054 843 1094 contempta,
876 1053 991 1085 totius
1022 1052 1538 1086 ecclesiasticeinstitutionis
1556 1053 1687 1086 ordine
1702 1054 1870 1093 confuso,

244 1109 507 1142 continuerunt
527 1118 637 1142 aures
651 1117 736 1141 suas
756 1110 792 1141 et
812 1109 993 1149 impetum
1015 1109 1052 1140 in
1069 1116 1128 1140 me
1146 1108 1327 1141 facientes
1345 1108 1461 1141 libros
1479 1109 1689 1141 divinarum
1713 1109 1871 1151 scriptu-

244 1174 370 1197 rarum
388 1165 510 1204 IIII0r,
529 1173 622 1205 quos
641 1164 694 1196 ibi
725 1163 927 1203 habebam,
945 1162 1130 1196 violenter
1147 1172 1320 1205 rapuere.
1352 1163 1464 1196 Veste
1480 1163 1628 1196 demum
1652 1172 1736 1196 mea
1758 1164 1874 1196 scissa

245 1228 475 1260 corporeque
493 1228 567 1251 non
595 1219 762 1261 graviter
789 1219 915 1250 tamen
949 1226 1046 1256 ceso,
1079 1218 1183 1258 Jussu
1212 1218 1378 1259 episcopi
1412 1226 1433 1250 a
1464 1218 1688 1252 satellitibus
1719 1219 1874 1261 repente

246 1274 417 1306 admissis
440 1273 569 1314 capior
586 1275 623 1305 et
641 1273 679 1304 in
697 1273 873 1314 captione
889 1281 973 1305 mea
989 1271 1187 1305 consilium
1205 1272 1374 1305 solvitur.

289 1328 332 1361 In
349 1337 538 1361 carcerem
562 1329 688 1369 itaque
709 1328 882 1360 detrusus
907 1328 945 1359 ct
968 1327 1061 1359 inibi
1086 1328 1264 1368 compede
1280 1328 1406 1360 ferrea
1430 1328 1562 1360 diebus
1587 1328 1750 1363 LXXIII
1772 1339 1874 1363 coar-

246 1385 358 1424 tatus,
376 1384 443 1416 Dei
470 1382 585 1415 solius
611 1383 911 1415 misericordiam
937 1382 1147 1424 imploravi,
1168 1391 1323 1424 gemens
1340 1384 1375 1414 et
1401 1382 1554 1416 dicens:
1583 1398 1598 1410 ιι
1613 1384 1720 1417 Zelus
1744 1385 1875 1417 domus

247 1441 333 1472 tuae
350 1438 511 1471 comedit
528 1447 598 1477 me,
627 1438 798 1477 Domine,
826 1440 862 1470 et
885 1437 1086 1478 obprobria
1108 1438 1415 1479 exprobrantium
1438 1438 1506 1470 tibi
1524 1439 1740 1472 ceciderunt
1763 1448 1876 1481 super

249 1502 307 1526 me
323 1504 331 1533 ς
350 1493 414 1525 sed
431 1494 484 1533 tu,
503 1494 661 1526 Domine
679 1493 864 1531 defensor,
891 1493 984 1525 educ
1001 1493 1045 1525 de
1070 1501 1222 1525 carcere
1243 1493 1405 1525 animam
1429 1502 1563 1534 meam,
1589 1495 1629 1526 ut
1652 1495 1876 1527 confiteatur

250 1549 390 1580 nomini
406 1552 482 1587 tuo,
501 1549 586 1590 quia
600 1549 713 1589 periit
729 1549 820 1590 fuga
837 1557 858 1580 a
875 1556 934 1580 me
952 1548 992 1580 et·
1006 1557 1079 1579 non
1097 1548 1153 1579 est
1170 1547 1233 1588 qui
1250 1548 1418 1588 requirat
1434 1549 1597 1581 animam
1614 1558 1746 1582 meam.
1767 1564 1782 1576 ’ς
1801 1549 1875 1582 Ubi

249 1603 335 1635 dum
354 1612 447 1645 pene
466 1604 567 1636 omni
581 1612 645 1644 spe
664 1602 899 1635 liberationis
917 1603 1116 1635 destitutus
1131 1603 1310 1644 jacerem,
1329 1603 1480 1635 nuntius
1497 1603 1590 1636 mihi
1606 1604 1785 1646 dirigitur
1800 1603 1876 1637 tale

250 1650 421 1691 deferens
442 1659 669 1699 mandatum,
689 1658 799 1699 quod,
819 1658 848 1690 si
866 1657 1002 1690 vellem
1017 1657 1173 1698 absolvi,
1188 1666 1260 1697 que
1276 1657 1368 1690 mihi
1387 1658 1532 1699 obJecta
1544 1659 1706 1699 fuerant,
1725 1668 1877 1693 necesse

250 1722 309 1745 me
323 1719 419 1745 esset
433 1714 559 1746 omnia
570 1722 659 1745 vera
670 1713 786 1745 fuisse
801 1713 838 1744 in
852 1711 1013 1744 concilio
1028 1712 1210 1744 confiteri.
1226 1710 1331 1749 Quod
1345 1720 1415 1754 ego
1429 1712 1718 1754 perhorrescens
1732 1715 1875 1755 audire,

252 1768 386 1800 nedum
400 1769 538 1808 facere,
558 1768 765 1809 septennio,
786 1767 899 1799 immo
921 1767 1021 1799 omni
1046 1767 1124 1799 vita
1140 1775 1224 1798 mea
1240 1767 1277 1798 in
1295 1775 1446 1800 carcere
1459 1777 1517 1799 me
1532 1768 1643 1801 malle
1656 1778 1878 1811 permanere

251 1823 438 1863 respondi.
465 1823 569 1855 Tunc
593 1831 681 1855 vero
707 1823 753 1854 ad
778 1822 991 1864 negandum
1024 1820 1225 1860 Christum,
1252 1821 1314 1862 qui
1340 1822 1396 1854 est
1419 1823 1571 1863 veritaS,
1596 1825 1880 1864 persuasionem

254 1877 348 1910 hanc
365 1877 538 1910 subtilius
553 1878 708 1910 tendere
724 1877 1022 1918 deprehendens,
1041 1876 1178 1909 iterum
1191 1884 1392 1908 conversus
1409 1877 1454 1909 ad
1469 1877 1669 1911 Dominum
1686 1879 1856 1912 dicebam
1870 1888 1878 1912 :

256 1946 271 1959 u
291 1932 504 1973 Usquequ0‚
524 1933 696 1971 Domine,
716 1931 948 1964 oblivisceris
965 1940 1023 1963 me
1045 1931 1084 1963 in
1107 1931 1219 1963 finem
1236 1933 1248 1963 2
1266 1930 1456 1972 Iliumina„
1474 1941 1601 1973 queso,
1620 1933 1748 1967 oculos
1763 1943 1878 1974 meOS‚

254 1996 299 2020 ne
312 1996 475 2028 unquam
493 1987 726 2019 obdormiam
743 1987 782 2018 in
795 1988 915 2019 morte
935 1986 1180 2018 consessionis
1198 1985 1308 2025 hujus
1324 1986 1496 2026 pessime,
1515 1987 1603 2028 quia
1619 1989 1683 2029 qui
1699 1987 1881 2022 tribulant

254 2050 325 2081 me,
344 2042 577 2080 exultabunt,
597 2042 627 2074 si
642 2043 764 2074 motus
777 2043 884 2073 fuero
903 2051 912 2081 ς
931 2050 1001 2083 ego
1017 2042 1141 2073 autem
1154 2041 1193 2072 in
1206 2041 1465 2073 misericordia
1481 2043 1544 2074 tua
1557 2044 1716 2084 speravi.
1733 2058 1748 2071 n

298 2096 405 2129 Talia
422 2098 591 2129 orantem
608 2097 733 2129 divine
759 2096 991 2128 miserationi
1019 2104 1078 2127 me
1095 2095 1274 2128 exaudire
1296 2095 1532 2137 complacuit,
1559 2098 1678 2130 artem
1700 2107 1770 2139 qua
1785 2106 1882 2131 com-

254 2152 385 2193 pedem
416 2151 634 2191 dissolvere,
667 2151 791 2183 locum
831 2160 902 2192 quo
943 2158 1133 2183 carcerem
1163 2151 1320 2182 evadere
1349 2159 1482 2191 queam
1510 2152 1695 2192 ostendit3
1727 2153 1882 2194 insuper

255 2206 453 2239 consilium
470 2208 506 2239 et
523 2206 705 2239 auxilium
723 2215 791 2247 per
817 2207 995 2246 quosdam
1016 2206 1111 2238 bone
1136 2204 1338 2238 voluntatis
1361 2205 1531 2239 homines
1549 2208 1586 2239 et
1607 2207 1828 2249 promittere
1845 2208 1882 2240 et

256 2261 472 2303 impendere
497 2270 569 2294 non
600 2261 736 2293 renuit.
770 2261 888 2293 Nocte
916 2261 1034 2303 igitur
1051 2261 1274 2301 competenti
1293 2260 1362 2293 Dei
1386 2261 1523 2293 virtute
1541 2261 1683 2294 carceri
1701 2263 1738 2294 et
1761 2262 1881 2294 custo-

259 2316 367 2349 dibus
391 2315 549 2354 ablatus,
575 2315 656 2356 ejus
681 2315 848 2347 custodia
873 2324 894 2347 a
923 2316 1105 2347 conventu
1135 2314 1422 2357 malignantium
1447 2316 1483 2347 et
1511 2315 1750 2349 multitudine
1773 2325 1883 2349 mane

259 2371 563 2413 persequentium
577 2371 780 2411 protectus,
797 2379 1095 2411 quaquaversum
1108 2379 1225 2412 vagus
1239 2371 1276 2402 et
1292 2369 1378 2402 exul
1395 2369 1546 2410 delitui;
1561 2371 1610 2410 et,
1625 2371 1713 2412 quia
1727 2371 1883 2404 fratrem

260 2433 383 2457 meum
413 2425 580 2464 Petrum,
609 2425 732 2457 virum
758 2426 954 2458 admodum
984 2427 1176 2458 strenuum
1201 2426 1237 2457 et
1261 2423 1436 2464 validum,
1463 2425 1638 2466 equitatis
1665 2427 1883 2466 amatorem,

259 2481 371 2513 vestri
390 2481 589 2522 patrocinii
614 2481 820 2522 presidium
847 2481 1048 2522 expetiisse
1066 2481 1104 2513 in
1128 2489 1279 2513 carcere
1296 2479 1416 2512 adhuc
1438 2479 1662 2514 constitutus
1678 2480 1883 2521 audieram,

260 2535 376 2576 ipsius
393 2543 620 2577 regressum,
640 2536 842 2575 autequam
859 2535 1057 2575 quicquam
1083 2533 1185 2567 aliud
1202 2535 1437 2575 temptarem,
1464 2534 1604 2573 Traeis,
1625 2543 1696 2576 que
1720 2535 1775 2568 est
1795 2536 1885 2568 urbs

261 2589 380 2622 Gallie
394 2599 466 2621 non
484 2590 646 2628 infirma,
664 2598 917 2631 preoccupare
931 2589 1120 2630 proposui.
1137 2588 1248 2622 Obitu
1268 2589 1416 2621 tandem
1430 2589 1547 2630 ipsius
1570 2589 1662 2622 inibi
1679 2592 1883 2632 comperto,

260 2645 381 2676 subito
400 2644 558 2685 quadam
571 2645 732 2676 meroris
749 2643 884 2676 nebula
898 2644 1159 2683 circumfusuS,
1172 2652 1245 2685 qua
1256 2643 1389 2684 pedem
1403 2644 1638 2686 porrigerem
1649 2644 1882 2687 ignorabam.

260 2698 321 2737 At,
353 2700 548 2739 postquam
580 2699 704 2731 divine
740 2698 1007 2731 consolationis
1043 2699 1168 2731 radius
1200 2697 1373 2740 caliginis
1405 2698 1517 2740 hujus
1544 2698 1765 2732 densitatem
1796 2701 1886 2734 fecit

263 2761 497 2792 evanescere,
529 2754 575 2786 ad
610 2754 844 2795 propositum
879 2753 1141 2796 appellationis
1172 2753 1293 2785 denuo
1318 2753 1534 2794 respiciens,
1567 2753 1640 2786 iter
1671 2753 1886 2795 quantotius

263 2807 417 2848 arripui,
440 2808 471 2840 si
495 2808 583 2849 quid
607 2809 652 2841 de
675 2809 782 2841 Petri
810 2809 950 2850 pietate
975 2809 1011 2841 et
1034 2808 1112 2841 zelo
1130 2808 1246 2850 ipsius
1265 2808 1304 2840 in
1326 2807 1413 2840 sede
1435 2808 1635 2841 resedisset
1650 2817 1885 2850 summopere

263 2862 443 2894 festinans
467 2863 505 2895 et
521 2863 651 2895 sitiens
669 2863 846 2905 experiri.

306 2914 353 2947 Et
366 2924 451 2949 ecce
461 2917 570 2949 venio
584 2917 630 2949 ad
642 2918 691 2956 te,
711 2927 821 2959 quem
837 2918 876 2950 in
892 2918 1061 2960 tempore
1077 2917 1333 2951 tribulationis
1350 2916 1560 2959 adjutorem
1575 2917 1757 2957 invocavi,
1775 2926 1886 2959 quem

263 2970 439 3003 continua
469 2970 602 3003 debilis
634 2972 847 3014 egritudine
878 2982 946 3015 per
975 2972 1089 3016 longa
1122 2974 1309 3007 terrarum
1340 2972 1466 3016 spacia
1496 2972 1652 3015 experii,
1669 2973 1776 3016 qu'us
1792 2972 1884 3007 desi-
