2050 3470
263 296 323 330 12⁴
959 298 1096 332 ANNO
1123 298 1206 331 1340

940 445 1006 490 '75
1041 442 1213 506 (197⁶).

318 576 437 622 1349,
474 575 724 618 omstreeks
746 577 860 619 Jum‘
895 577 968 627 24,
994 588 1047 618 en
1073 581 1192 625 1350,
1224 576 1508 620 Luikerland
1528 591 1583 621 en
1605 577 1892 635 omliyyende

250 647 495 699 yeweslen.
533 643 773 687 Uittreksel
811 646 874 689 uit
907 646 959 688 de
993 645 1282 702 gelijktijdige
1320 646 1455 689 Gesta
1488 646 1700 689 abbacum
1729 648 1891 691 Trudi-

254 711 470 754 nensium
494 725 596 754 over
620 713 696 756 het
720 718 927 758 ontstaan
961 728 1014 756 en
1049 714 1100 756 de
1139 713 1417 770 verbreiding
1439 714 1516 757 der
1537 716 1812 760 GeeselaarS.
1837 739 1891 746 —

254 781 507 825 Omstreeks
528 782 610 825 den
635 782 718 839 dag
742 797 826 826 van
847 782 1238 839 St-Jansgeboorte
1271 782 1342 840 (24
1376 783 1478 826 Juni
1528 784 1655 840 1349)
1688 785 1890 828 versche-

254 863 337 893 nen
361 850 567 893 Duitsche
600 851 857 895 Geeselaars
880 853 924 895 in
947 853 1224 908 Haspegouw
1258 865 1310 893 en
1344 852 1515 895 vonden
1539 853 1633 896 veel
1658 854 1889 909 navolgers

252 920 342 963 niet
378 921 517 964 alleen
542 921 585 963 in
623 921 699 965 het
721 921 885 965 bisdom
917 921 1042 972 Luik‚
1069 934 1190 963 maar-
1223 920 1304 962 ook
1338 921 1381 963 in
1424 921 1475 963 de
1508 921 1782 977 omliggende
1803 922 1888 966 bis-

251 989 465 1032 dommen.
504 990 743 1034 Menschen
777 1000 861 1034 van
894 991 1060 1034 allerlei
1095 989 1223 1033 stand
1262 1004 1315 1032 en
1352 1004 1478 1046 rang,
1511 991 1560 1047 ja
1592 992 1799 1046 priesters
1832 1007 1886 1035 en

249 1058 482 1101 monniken
502 1059 654 1102 traden
674 1060 777 1102 deze
805 1060 1057 1103 kettersche
1080 1059 1398 1114 boetedoening
1421 1058 1495 1116 bij.
1516 1061 1574 1102 De
1591 1060 1712 1102 Kerk
1731 1061 1886 1104 onder-

252 1125 409 1170 drukte
431 1127 555 1179 haar,
578 1128 709 1172 nadat
733 1128 809 1172 het
832 1128 1046 1185 gebleken
1070 1141 1178 1180 was,
1210 1127 1286 1171 dat
1319 1128 1422 1171 deze
1456 1132 1573 1171 secte
1596 1129 1702 1172 door
1733 1129 1886 1186 eenige

249 1198 478 1251 apostaten
504 1196 547 1239 in
583 1197 659 1241 het
693 1197 791 1240 huis
825 1212 957 1241 eener
994 1211 1149 1241 vrouw
1184 1211 1289 1240 over
1311 1197 1394 1240 den
1429 1198 1530 1254 Rijn
1565 1200 1631 1242 tot
1654 1198 1887 1256 uitroeiing

249 1279 330 1308 van
351 1265 432 1307 den
457 1265 707 1321 godsdienst
732 1281 784 1310 en
807 1281 895 1311 van
923 1267 975 1310 de
999 1258 1335 1323 geestelijkheid
1358 1280 1451 1309 was
1474 1266 1743 1322 uitgedacht.

292 1352 434 1385 Eodem
452 1359 548 1383 anno
568 1349 694 1394 [1349]‚
715 1351 816 1384 circa
830 1352 1064 1384 nativitatem
1082 1351 1201 1384 sancti
1216 1350 1395 1388 Johanni,
1414 1351 1648 1383 intraverunt
1673 1350 1886 1385 Hasbaniae

249 1407 429 1439 terminos
443 1414 488 1438 ex
502 1406 672 1447 partibus
685 1407 879 1439 inferioris
889 1406 1099 1440 Alimaniae
1118 1406 1261 1448 egressi
1275 1406 1346 1438 viri
1356 1405 1643 1448 Flagellatores,
1657 1406 1720 1447 qui
1728 1415 1886 1448 corpore

247 1468 365 1500 usque
390 1460 435 1492 ad
453 1460 673 1493 umbilicum
698 1461 850 1501 nudato,
876 1462 1000 1504 capite
1025 1462 1184 1503 caputiis
1203 1462 1240 1493 et
1264 1460 1388 1502 pilleis
1406 1462 1551 1502 operto,
1569 1461 1728 1503 pedibus
1761 1462 1883 1502 nudis,

246 1516 366 1546 vestes
380 1514 498 1548 lineas
515 1518 669 1558 rugatas
683 1517 728 1550 ab
744 1517 921 1549 umbilico
940 1517 1116 1549 deorsum
1132 1525 1251 1557 usque
1262 1516 1308 1548 ad
1322 1515 1417 1548 talos
1435 1516 1632 1557 protensas
1649 1516 1882 1556 deferebant,

245 1570 283 1601 et
299 1569 460 1611 flagellis
477 1572 706 1614 corrigiatis,
732 1573 770 1605 in
789 1572 1092 1605 extremitatibus
1125 1571 1242 1603 nodos
1261 1570 1454 1603 aculeatos
1473 1570 1711 1610 habentibuS,
1729 1571 1884 1613 propria

245 1624 356 1657 dorsa
376 1626 642 1666 percutientes,
661 1628 885 1670 sanguinem
902 1627 1115 1665 eliciebant,
1143 1627 1354 1659 asserentes
1376 1626 1475 1666 quod
1498 1635 1567 1667 per
1583 1624 1697 1659 talem
1713 1627 1883 1669 corporis

246 1679 486 1713 affiictionem
504 1683 675 1714 morbum
693 1683 881 1724 epydimie
898 1682 1023 1715 forent
1040 1681 1200 1714 evasuri.
1223 1681 1294 1719 Qui
1309 1681 1387 1712 bini
1402 1682 1438 1713 et
1456 1680 1534 1712 bini
1552 1681 1883 1722 processionaliter

245 1734 474 1775 incedentes,
501 1736 709 1769 cantilenas
734 1736 997 1770 lamentabiles
1026 1736 1282 1778 proferebant.
1304 1735 1447 1773 Quibus
1464 1736 1604 1777 partim
1620 1736 1737 1769 finitis
1756 1746 1883 1779 genua

246 1788 450 1829 flectentes.
478 1790 516 1822 in
533 1792 673 1824 terram
690 1792 870 1833 projectis
888 1792 1097 1834 impetuose
1114 1792 1346 1833 corporibus,
1366 1791 1494 1824 bracia
1520 1791 1559 1823 in
1576 1792 1728 1824 modum
1758 1792 1881 1824 crucis

244 1845 490 1878 extendentes
514 1847 639 1888 supini
663 1847 849 1888 jacebant.
870 1848 962 1880 Post
980 1847 1050 1880 hoc
1068 1848 1204 1880 erectis
1229 1847 1450 1889 corporibus
1467 1847 1740 1890 geniculantes,
1758 1857 1880 1881 sacer-

243 1899 392 1932 dotibus
410 1901 463 1932 eis
490 1902 757 1934 comitantibus
784 1904 821 1935 et
846 1904 1138 1944 preconantibus
1162 1903 1437 1935 confessionem
1454 1901 1672 1944 generalem
1689 1902 1878 1943 dixerunt,

243 1956 279 1987 et
294 1956 470 1988 continuo
489 1958 687 1999 surgentes
706 1959 890 1991 cantando
906 1958 1032 1991 leticie
1050 1958 1138 1990 ficta
1155 1958 1383 1998 ceremonia,
1403 1957 1559 1990 sindone
1576 1957 1814 1999 penitentiali
1837 1959 1879 1990 ut

241 2009 294 2042 ita
310 2010 431 2043 dicam
461 2013 585 2051 exuta,
615 2014 793 2046 consueta
820 2013 1040 2046 indumenta
1070 2013 1322 2045 resumebant.
1350 2013 1575 2053 HuJusmodi
1610 2012 1877 2055 flagellationis

241 2074 393 2106 operam
410 2066 466 2098 bis
498 2067 537 2099 in
568 2067 628 2100 die
646 2077 713 2109 per
751 2068 909 2110 triginta
933 2069 1130 2100 continuos
1154 2068 1234 2100 dies
1263 2068 1494 2110 peregerunt
1518 2068 1556 2100 et
1571 2068 1812 2109 frequencius
1836 2069 1875 2101 in

240 2120 423 2160 ecclesiis,
459 2122 523 2154 ubi
555 2123 588 2155 si
612 2123 739 2156 divina
765 2124 889 2156 officia
933 2123 1113 2156 horarum
1147 2123 1413 2156 canonicarum
1446 2124 1509 2156 aut
1541 2123 1876 2157 sermocinationes

240 2176 442 2208 stationum
467 2177 786 2218 persolverentur,
804 2178 862 2211 illi
879 2179 1054 2211 dicebant
1070 2188 1157 2211 suos
1171 2180 1274 2210 actus
1288 2179 1544 2219 preferendos.

283 2231 341 2263 Ad
357 2231 466 2264 istius
482 2232 602 2274 igitur
614 2233 822 2266 hereticam
846 2233 1095 2275 penitentiam
1123 2233 1325 2266 multitudo
1344 2233 1540 2265 hominum
1553 2232 1750 2273 nobilium,
1775 2233 1872 2266 mili-

240 2286 378 2318 tarium
411 2287 448 2319 et
464 2287 712 2328 plebeiorum,
731 2289 853 2330 primo
880 2297 925 2321 ex
944 2288 1141 2321 devotione
1159 2297 1298 2330 magna
1316 2289 1355 2320 in
1378 2289 1525 2321 tantum
1552 2288 1747 2328 confluxit,
1773 2289 1873 2329 quod

240 2350 313 2372 non
331 2340 451 2373 solum
480 2342 519 2374 in
551 2343 768 2385 episcopatu
794 2345 919 2376 nostre
949 2344 1119 2385 dyocesis
1148 2343 1379 2383 Leodiensis,
1405 2343 1470 2376 sed
1503 2343 1622 2376 eciam
1649 2343 1688 2375 in
1715 2343 1872 2376 diversis

239 2396 461 2437 dyocesibus
479 2406 563 2430 cum
580 2397 687 2430 laicis
703 2398 874 2441 religiosi
892 2399 964 2430 viri
982 2400 1058 2431 tam
1076 2398 1346 2431 monachorum
1363 2407 1474 2439 quam
1491 2399 1532 2430 ut
1548 2397 1753 2439 plurimum
1769 2406 1870 2431 men-

237 2451 443 2484 dicantium
467 2454 504 2485 et
533 2453 760 2486 secularium
786 2454 1023 2487 sacerdotum
1054 2454 1099 2486 de
1121 2454 1198 2486 suis
1227 2454 1377 2486 sedibus
1406 2454 1565 2493 exirent,
1583 2454 1620 2486 et
1636 2454 1871 2486 sacramenta

237 2506 490 2540 ecclesiastica
516 2509 777 2542 ministrarent
800 2509 953 2542 eisdem.

281 2562 466 2595 Processu
479 2572 568 2596 vero
586 2564 779 2605 temporis,
795 2573 879 2596 cum
892 2564 1061 2606 ipsorum
1078 2565 1296 2606 presumpta
1309 2564 1460 2606 religio,
1475 2572 1586 2605 quam
1602 2564 1869 2606 excogitabant

238 2617 388 2657 quidam
413 2619 584 2659 apostate
614 2618 813 2661 religionis
845 2619 1025 2661 hospitati
1054 2619 1199 2652 occulte
1227 2620 1266 2652 in
1290 2620 1400 2652 domo
1423 2619 1534 2651 unius
1565 2618 1736 2651 mulieris
1763 2619 1868 2652 trans

236 2670 398 2711 Renum,
426 2681 447 2705 a
463 2672 642 2706 litteratis
658 2674 749 2706 viris
780 2673 893 2716 plena
912 2675 1242 2716 superstitionibus
1260 2675 1297 2707 et
1314 2674 1510 2707 heresibus
1527 2673 1733 2716 diligenter
1749 2674 1867 2707 consi-

237 2726 368 2759 derata
385 2730 483 2761 esset
508 2728 671 2768 inventa,
690 2730 728 2762 et
745 2729 783 2761 in
808 2729 1101 2762 destructionem
1126 2730 1254 2762 sancte
1277 2729 1436 2763 ecclesie
1467 2730 1504 2762 et
1527 2729 1647 2762 tocius
1671 2728 1764 2762 cleri
1781 2738 1864 2771 pro-

237 2782 418 2823 gressiva,
437 2784 549 2825 prout
564 2786 696 2825 postea
711 2785 934 2826 comparuit,
951 2794 1018 2826 per
1031 2794 1227 2818 censuram
1244 2784 1538 2818 ecclesiasticam
1554 2784 1625 2817 hec
1648 2785 1865 2826 superstitio

236 2837 407 2869 cessavit.

588 2881 701 2915 Gesta
716 2883 893 2917 abbatum
917 2883 1220 2923 Trzrcclinensium,
1239 2884 1277 2916 in
1294 2884 1417 2924 Pertz,
1435 2884 1692 2923 Monumenta,
1710 2883 1863 2927 Scripto-

626 2947 698 2977 res,
717 2939 800 2971 deel
814 2939 861 2978 X,
882 2938 949 2971 blz.
974 2939 1050 2972 432.
1077 2956 1112 2962 —
1129 2939 1226 2972 Deze
1242 2939 1394 2981 kronijk
1411 2949 1481 2972 van
1502 2947 1621 2972 eenen
1634 2940 1854 2982 tijdgenoot,

624 2994 779 3025 monnik
797 3003 866 3026 van
897 2994 1162 3028 Sint-Truiden
1177 2995 1215 3028 in
1245 2994 1270 3027 ’t
1287 2994 1530 3036 Luikerland‚
1556 2997 1645 3039 gaat
1661 2996 1716 3028 tot
1733 3005 1779 3039 op
1796 2995 1860 3030 het

623 3048 706 3090 jaar
736 3048 832 3081 1366.
