2050 3470
761 264 898 300 ANNO
925 264 1009 297 1424
1644 267 1710 300 250

121 396 137 410 ιι
156 379 343 415 Martinus
356 377 568 420 episcopus,
584 383 718 410 seruus
732 383 930 408 seruorum
956 373 1038 414 Dei,
1053 373 1264 407 venerabili
1282 374 1457 417 episcopo
1477 375 1707 410 Lausanensi

72 436 111 471 et
127 435 265 469 dilecto
284 433 362 466 filio
376 432 545 465 heretice
562 430 762 474 prauitatis
780 429 818 462 in
833 429 989 462 ciuitate
1005 429 1043 462 et
1056 428 1196 462 diocesi
1215 429 1445 463 Lausanensi
1480 431 1710 473 inquisitori,

73 491 233 525 salutem
251 490 289 523 et
305 486 551 530 apostolicam
568 485 883 518 benedictionem.

119 562 135 576 „
151 545 256 580 Inter
273 543 473 587 precipuas
490 540 749 574 solicitudines
768 555 798 579 n,
814 541 885 572 etc.
906 539 982 581 (Zie
1001 548 1067 572 ons
1086 545 1123 572 nr
1143 538 1216 579 147,
1235 538 1305 572 blz.
1323 539 1416 582 253.)

120 602 213 635 Cum
232 601 371 638 autem,
386 599 485 631 sicut
498 606 619 639 nuper
643 605 716 628 non
749 596 830 628 sine
862 594 1075 628 vehementi
1109 595 1363 628 admiracione
1387 597 1497 639 graui
1529 598 1567 630 et
1590 598 1714 631 cordis

77 655 324 700 displicencia
341 653 594 696 percepimus,
613 651 702 685 licet
719 652 865 693 prefate
883 649 1010 683 littere
1030 650 1129 683 dicto
1147 651 1323 692 episcopo
1340 653 1378 684 et
1402 652 1469 684 tibi
1498 656 1715 694 presentato

77 713 152 746 iam
170 712 270 751 sunt,
285 708 394 743 multi
412 717 560 741 menses
578 707 800 745 extiterunt,
820 707 857 738 et
882 705 1079 747 episcopus
1097 705 1177 746 ipse
1197 705 1340 746 pluries
1354 706 1523 748 pulsatus
1540 710 1577 741 et
1591 711 1715 751 requi-

76 766 171 799 situs
188 765 318 802 fuerit,
332 765 371 796 vt
395 763 441 797 ad
459 763 723 797 executionem
740 762 928 795 dictarum
945 760 1160 793 litterarum
1177 762 1215 794 et
1228 763 1491 794 contentorum
1517 763 1556 796 in
1573 764 1715 797 eisdem

76 820 182 854 iuxta
198 820 366 863 ipsarum
382 819 660 852 continenciam
679 819 716 851 et
730 818 901 850 tenorem
916 816 1122 858 procedere
1135 825 1207 848 vna
1222 817 1346 849 tecum
1359 817 1486 857 vellet,
1496 818 1576 860 ipse
1591 821 1716 853 tamen

76 876 290 918 episcopus,
309 883 354 908 eo
372 874 474 915 quia,
488 874 526 905 vt
540 873 645 912 dicit,
665 871 794 905 dilecti
810 870 878 903 filii
902 870 1088 904 Johannis
1105 871 1151 903 de
1175 871 1342 911 Kastina,
1371 872 1543 905 canonici
1575 873 1716 907 Torna-

78 931 214 971 censis,
248 929 536 972 expedicionem
555 927 781 961 huiusmodi
810 926 909 969 apud
933 935 1019 959 eum
1047 927 1085 959 et
1111 927 1333 967 frequenter
1360 926 1610 968 sollicitantis,
1644 938 1717 962 non

78 986 240 1026 intersit,
256 985 459 1027 aliquando
488 993 577 1018 vero
592 984 748 1026 propter
765 982 1027 1015 infirmitatem
1053 983 1234 1024 grauatus
1251 982 1449 1015 intendere
1477 991 1552 1015 non
1577 982 1717 1023 valens,

78 1042 281 1084 aliquando
299 1042 425 1075 autem
439 1041 538 1082 quia,
557 1041 595 1072 vt
618 1039 739 1072 eciam
767 1038 831 1077 ait,
865 1038 1012 1070 dubitat
1044 1037 1174 1079 populi
1202 1038 1511 1077 commonionem,
1545 1039 1718 1079 quamuis

78 1099 276 1141 episcopus
290 1095 542 1130 Lausanensis
560 1103 628 1137 pro
654 1095 824 1135 tempore
839 1093 1006 1125 existens
1025 1093 1198 1125 dominus
1216 1093 1264 1125 sit
1286 1093 1539 1134 spiritualiter
1567 1094 1605 1126 et
1623 1093 1719 1126 tem-

77 1152 262 1197 poraliter
285 1152 452 1185 ciuitatis
470 1149 735 1189 LausanensiS,
751 1150 788 1182 et
821 1147 980 1181 dilectus
1006 1148 1106 1180 filius
1135 1148 1272 1180 nobilis
1307 1148 1366 1180 vir
1396 1148 1598 1188 Amedeus,
1644 1149 1719 1181 dux

79 1208 278 1248 Sabaudie,
296 1207 400 1241 velut
415 1206 537 1240 fidelis
551 1204 696 1239 athleta
713 1205 750 1237 et
767 1202 873 1246 pugil
893 1202 1053 1236 ecclesie
1067 1212 1110 1236 ac
1124 1202 1301 1236 heresum
1326 1205 1363 1236 et
1386 1211 1559 1237 errorum
1577 1203 1720 1235 aduer-

78 1273 140 1297 sus
157 1262 439 1297 immaculatam
468 1262 581 1294 fidem
598 1260 809 1302 intrepidus
827 1259 1017 1300 defensor,
1037 1267 1076 1291 se
1094 1259 1217 1291 eidem
1234 1259 1411 1300 episcopo
1429 1259 1467 1292 ct
1486 1258 1554 1291 tibi
1583 1258 1621 1290 in
1649 1257 1720 1290 hoc

79 1321 117 1353 et
133 1320 204 1352 sibi
223 1320 399 1353 assistere
414 1319 451 1350 et
464 1318 596 1350 fauere
613 1325 656 1349 ac
671 1315 853 1349 auxilium
872 1316 909 1347 et
922 1315 1099 1347 iuuamen
1116 1315 1276 1356 prebere
1296 1313 1489 1353 obtulerit,
1515 1313 1720 1346 occasioni-

77 1375 148 1408 bus
166 1374 324 1416 sumptis
337 1383 401 1407 seu
420 1372 513 1407 alias
530 1371 817 1414 expedicionem
834 1371 993 1403 eandem
1010 1370 1203 1411 hucusque
1228 1370 1266 1402 in
1286 1370 1373 1402 fidei
1391 1368 1576 1402 catholice
1594 1369 1718 1401 detri-

81 1431 250 1463 mentum
275 1428 468 1470 dilatauit3
488 1437 570 1467 nos,
589 1427 886 1465 considerantes,
906 1425 1004 1467 quod
1022 1425 1159 1458 dilacio
1174 1426 1212 1457 in
1226 1426 1330 1458 tanto
1345 1424 1432 1458 fidei
1452 1424 1610 1466 negocio
1624 1424 1721 1466 peri-

81 1485 210 1519 culosa
226 1486 265 1519 et
280 1484 487 1526 dampnosa
503 1483 646 1524 existit,
672 1483 710 1515 et
733 1481 903 1515 volentes
932 1481 978 1514 de
1002 1481 1170 1514 remedio
1200 1480 1402 1522 prouidere
1432 1481 1632 1521 oportuno,
1651 1479 1722 1511 dis-

80 1540 242 1574 cretioni
259 1541 322 1574 tue
336 1541 468 1573 tenore
482 1538 721 1582 presencium
747 1537 1030 1577 committimus,
1044 1538 1229 1577 quatenus
1246 1536 1351 1577 prius
1368 1536 1515 1577 prefato
1547 1535 1569 1567 J
1574 1534 1722 1568 ohanne

81 1596 127 1629 de
142 1595 299 1629 Vastina
316 1595 438 1637 quoad
452 1604 617 1636 causam,
633 1594 670 1627 et
687 1592 887 1626 Nicolaum
905 1593 943 1625 in
962 1592 1182 1635 preinsertis
1206 1591 1345 1624 nostris
1377 1590 1515 1624 litteris
1545 1599 1722 1632 expresse

79 1651 289 1691 denotatos,
304 1652 370 1684 aut
393 1650 468 1684 alio
480 1650 527 1692 (l)
545 1648 619 1693 [de]
634 1651 708 1691 quo
723 1649 792 1681 tibi
811 1649 934 1681 visum
950 1649 1068 1682 fuerit
1096 1648 1134 1680 in
1152 1647 1422 1690 promotorem,
1456 1646 1722 1689 instigatorem

80 1715 146 1740 seu
163 1707 450 1748 procuratorem
468 1714 579 1738 cause
605 1704 693 1737 fidei
722 1703 938 1736 huiusmodi
957 1704 1150 1745 deputato,
1185 1703 1222 1735 et
1253 1702 1354 1735 dicto
1383 1702 1559 1744 episcopo
1588 1711 1656 1743 pro
1686 1702 1722 1734 te

79 1761 275 1803 requisito.
295 1761 327 1794 si
341 1762 422 1803 ipse
439 1762 486 1795 ad
516 1760 803 1803 expedicionem
821 1758 1038 1792 huiusmodi
1069 1759 1194 1792 tecum
1226 1757 1485 1791 concurrendo
1516 1758 1723 1799 procedere

80 1826 156 1850 non
173 1817 292 1859 possit
308 1817 373 1850 aut
386 1816 494 1857 nolit,
512 1817 553 1850 tu
566 1817 669 1851 solus
686 1817 732 1851 de
750 1816 909 1851 consilio
927 1816 1153 1859 peritorum,
1168 1815 1214 1848 de
1233 1815 1369 1856 quibus
1385 1814 1500 1847 etiam
1517 1813 1587 1845 tibi
1601 1813 1722 1846 visum

80 1872 210 1913 fuerit,
229 1871 276 1906 ad
288 1872 445 1906 breuem
458 1873 497 1905 et
513 1872 677 1907 celerem
695 1873 982 1915 expedicionem
1007 1872 1045 1905 et
1069 1871 1332 1904 executionem
1350 1869 1492 1903 realem
1524 1869 1722 1902 contento-

82 1937 167 1961 rum
194 1928 233 1960 in
250 1928 389 1961 nostris
405 1928 516 1961 dictis
533 1929 756 1971 preinsertis
781 1929 932 1968 litteris,
961 1928 999 1960 in
1033 1927 1181 1968 quibus,
1209 1926 1334 1959 verbis
1354 1936 1360 1958 z
1394 1939 1409 1953 u
1424 1925 1660 1967 postmodum
1684 1925 1722 1957 in

81 1985 215 2019 eodem
227 1984 387 2018 concilio
403 1993 448 2018 ex
462 1984 577 2017 simili
591 1984 857 2018 commissione
875 1984 1098 2016 confirmata
1110 1997 1141 2022 n,
1156 1982 1305 2021 amotis,
1320 1981 1474 2014 illorum
1488 1979 1570 2012 1000
1588 1980 1721 2013 addas:

85 2054 101 2068 u
116 2041 155 2074 in
179 2040 380 2074 Florencia
396 2049 442 2074 ex
470 2041 599 2074 nostra
612 2040 877 2073 commissione
894 2039 1117 2072 confirmata
1132 2053 1163 2079 n,
1184 2038 1292 2079 juxta
1319 2037 1487 2078 ipsarum
1507 2035 1723 2070 litterarum

82 2097 357 2130 continenciam
374 2097 410 2129 et
424 2097 606 2135 tenorem,
625 2097 739 2138 prout
755 2096 848 2128 iuris
862 2095 979 2128 fuerit
995 2095 1032 2128 et
1048 2093 1212 2127 racionis
1231 2091 1390 2125 indilate
1406 2092 1601 2133 procedas,
1619 2092 1722 2125 cuiu-

83 2152 161 2185 suis
185 2150 455 2193 appellacionis
473 2151 616 2184 reiecto
635 2150 844 2190 obstaculo,
875 2149 1063 2182 inuocatis
1093 2148 1139 2181 ad
1153 2147 1237 2187 hoc,
1257 2147 1288 2179 si
1314 2156 1408 2189 opus
1426 2146 1554 2186 fuerit,
1583 2147 1722 2188 prefati

84 2206 188 2240 ducis
216 2209 253 2240 et
276 2206 479 2240 cuiuslibet
495 2206 652 2240 alterius
670 2214 713 2239 ac
742 2213 1053 2247 quarumcunque
1085 2211 1336 2246 personarum
1365 2201 1723 2242 ecclesiasticarum,

86 2263 205 2296 eciam
223 2262 397 2295 ordinum
419 2262 730 2302 mendicantium,
750 2260 995 2294 brachiorum
1013 2259 1178 2293 auxiliis.
1195 2259 1280 2291 Non
1309 2257 1543 2290 obstantibus
1571 2257 1725 2298 priuile-

87 2318 172 2361 giis‚
183 2317 436 2360 indulgenciis
453 2318 490 2351 et
503 2317 642 2350 litteris
660 2316 878 2359 apostolicis
892 2315 950 2349 vel
965 2315 1161 2357 quibusuis
1175 2313 1272 2353 aliis,
1284 2322 1429 2346 necnon
1447 2312 1620 2345 omnibus
1637 2312 1723 2352 hiis,

87 2373 211 2415 quein
226 2373 336 2405 dictis
349 2373 488 2406 nostris
505 2373 728 2415 preinsertis
745 2372 885 2404 litteris
911 2370 1099 2403 voluimus
1125 2379 1198 2401 non
1223 2369 1373 2401 obstare
1399 2367 1550 2406 litteris,
1578 2368 1616 2400 et
1639 2366 1725 2400 aliis

85 2427 288 2460 contrariis
305 2427 608 2469 quibuscunque.
634 2427 711 2460 Nos
725 2427 827 2460 enim
844 2425 1022 2467 quicquid
1040 2425 1078 2457 in
1092 2423 1286 2466 premissis
1303 2422 1441 2465 egeris,
1461 2423 1584 2454 ratum
1613 2421 1724 2454 habe-

88 2483 211 2516 bimus
237 2484 348 2524 atque
367 2484 533 2526 gratum,
548 2482 663 2524 idque
678 2482 861 2515 faciemus
876 2482 1029 2514 auctore
1048 2480 1208 2513 Domino
1226 2477 1502 2511 inuiolabiliter
1519 2477 1725 2511 observari.

89 2537 145 2570 Tu
160 2539 286 2571 tamen
304 2537 433 2571 taliter
445 2538 552 2579 Juxta
566 2537 691 2571 datam
705 2537 774 2570 tibi
793 2545 814 2569 a
832 2536 992 2569 Domino
1010 2534 1256 2577 prudenciam
1273 2534 1312 2566 in
1325 2531 1519 2575 premissis
1536 2531 1676 2564 habere
1691 2533 1726 2565 te

90 2593 256 2634 studeas,
278 2593 377 2634 quod
395 2592 441 2626 de
455 2593 630 2635 prompta
661 2588 884 2626 obediencia
911 2590 1167 2624 commendari
1196 2590 1234 2622 et
1257 2589 1303 2622 de
1328 2587 1568 2631 negligencia
1596 2596 1727 2630 repre-

91 2647 206 2682 hendi
219 2648 374 2682 minime
392 2648 588 2682 merearis.

138 2817 184 2859 (l)
201 2816 254 2851 De
269 2816 428 2860 geheele
445 2816 567 2849 volzin
585 2815 616 2848 is
649 2815 810 2857 (luister3
838 2813 1006 2848 wellicht
1038 2812 1139 2845 moet
1165 2820 1250 2844 men
1280 2809 1410 2844 lezen:
1445 2809 1557 2842 Prius
1581 2807 1728 2850 prefato

93 2872 268 2907 Johanne
285 2873 331 2906 de
349 2872 518 2912 Vastina‚
534 2871 656 2913 quoad
675 2879 827 2904 causam
844 2871 880 2903 et
900 2868 1096 2902 Nicolaum
1115 2867 1152 2899 in
1170 2866 1393 2909 preinsertis
1425 2864 1563 2897 nostris
1592 2862 1729 2895 litteris

95 2936 271 2970 expresse
288 2927 498 2967 denotatos,
513 2928 579 2960 aut
591 2925 680 2967 alio,
695 2925 740 2959 de
755 2935 827 2967 quo
842 2925 911 2958 tibi
929 2923 1047 2956 visum
1072 2922 1198 2962 fuerit,
1217 2921 1255 2953 in
1273 2921 1543 2962 promotorem,
1577 2918 1729 2960 instiga-

95 2984 218 3018 torem
241 2992 307 3018 scu
322 2984 610 3026 procuratorem
627 2990 739 3016 cause
757 2981 845 3015 fidoi
862 2979 1091 3019 huiusmodi,
1106 2978 1298 3020 deputato,
1325 2978 1396 3010 etc.
