2050 3470
578 246 714 280 ANNO
744 247 838 285 1183,
864 247 1061 285 1196-1197,
1090 247 1271 279 1198-1199
1696 249 1737 279 37

147 356 282 389 Plures
296 356 457 389 heretici
476 365 498 388 a
514 356 649 389 comite
668 355 888 389 Flandrensi
904 357 1100 388 combusti.

451 431 619 465 Annales
658 431 929 476 Floreffienses,
978 435 1024 475 bij
1070 434 1193 472 Pert7„
1226 433 1484 471 BIomcmenta.
1525 434 1738 478 Scriptores,

496 487 578 520 deel
611 488 712 526 XVI,
747 488 815 521 blz.
844 489 920 521 625.
940 488 1193 531 -X'ergelijk
1223 489 1259 520 in
1291 488 1430 531 Corpus
1459 489 1481 522 I
1502 490 1548 523 de
1575 490 1738 523 stukken

493 548 543 574 nrs
568 542 678 576 48-55.

785 658 846 701 18
879 652 1050 716 (πῶς).

162 788 410 833 1196-1197,
448 786 666 830 Doorm'k.
707 786 945 829 Uittreksel
981 785 1042 829 uit
1066 799 1201 828 eenen
1236 784 1350 827 brief
1369 798 1451 827 van
1473 784 1733 841 StephanuS,

101 856 299 912 hisschop
346 871 426 900 van
470 855 675 905 Doornik,
717 869 800 897 aan
847 855 1040 904 Willem,
1089 853 1411 908 aartsbisschop
1451 867 1533 896 van
1573 854 1736 906 Reims,

103 926 268 969 waarin
293 925 351 983 hij
388 927 486 968 hem
508 925 647 967 onder
669 925 860 967 anderen
887 926 962 967 het
986 937 1148 980 gevaar
1171 928 1396 974 aantoont,
1424 923 1498 966 dat
1521 937 1568 966 er
1591 923 1672 979 ligt
1695 924 1737 966 in

101 996 175 1039 het
200 994 451 1051 uitspreken
476 1007 559 1036 van
594 1007 673 1036 een
707 993 876 1036 tweede
909 992 1124 1050 kerkelijk
1150 991 1355 1035 interdict
1377 1005 1482 1034 over
1505 991 1556 1034 de
1579 991 1735 1034 landen
1767 987 1772 993 ’

101 1079 183 1108 van
207 1064 290 1107 den
323 1063 612 1119 goddeloozen
648 1062 899 1119 Boudewijn
924 1062 1004 1110 IX,
1041 1061 1170 1116 graaf
1189 1074 1271 1103 van
1301 1060 1594 1112 Vlaanderen,
1633 1060 1738 1103 daar

100 1133 163 1176 dit
204 1132 256 1176 de
300 1130 580 1187 verbreiding
616 1131 693 1174 der
734 1130 860 1174 reeds
899 1130 1116 1185 machtige
1160 1129 1392 1186 ketterijen
1439 1129 1481 1172 in
1525 1129 1577 1172 de
1623 1129 1738 1172 hand

99 1202 278 1245 werken
303 1215 398 1244 zou.

226 1295 450 1333 Praeterea,
484 1294 582 1334 quod
616 1302 688 1325 non
720 1292 801 1323 sine
837 1293 981 1334 gemitu
1020 1293 1056 1324 et
1088 1293 1250 1333 suspirio
1282 1292 1407 1323 dicere
1440 1300 1636 1333 possumus
1676 1292 1741 1323 aut

103 1353 294 1390 debemus,
314 1359 427 1392 super
445 1359 539 1381 novo
558 1349 732 1382 mandato
751 1347 892 1380 domini
913 1348 1114 1380 cardinalis
1131 1348 1168 1380 et
1186 1345 1300 1389 legati
1320 1346 1492 1388 magistri
1512 1345 1680 1379 Melioris
1693 1346 1739 1378 de

102 1404 363 1438 interdicenda
392 1405 493 1436 terra
517 1403 664 1434 comitis
695 1401 894 1435 Flandriao
921 1402 1121 1435 consilium
1140 1410 1161 1434 a
1190 1402 1294 1434 vobis
1318 1401 1574 1442 requirimusg
1603 1402 1640 1433 et
1661 1402 1741 1434 tota

100 1459 343 1492 Flandrensis
360 1457 520 1490 ecclesia
537 1458 740 1500 gemitibus
759 1458 1076 1490 inenarrabilibus
1090 1459 1210 1489 totum
1224 1457 1430 1499 cogitatum
1448 1465 1555 1488 suum
1571 1456 1688 1497 jactat
1701 1456 1737 1488 in

99 1514 214 1554 vobis,
242 1516 282 1546 ut
307 1523 398 1554 quos
429 1512 608 1545 hactenus
637 1513 844 1551 enutristis,
881 1513 995 1545 tantis
1021 1512 1200 1554 periculis
1226 1521 1299 1543 non
1329 1511 1555 1553 permittatis
1587 1511 1737 1553 exponi.

101 1568 232 1601 Adhuc
250 1568 419 1600 recentia
436 1568 574 1610 prioris
592 1567 785 1600 interdic-ti
803 1568 947 1609 spirant
963 1567 1133 1607 vulnera,
1153 1577 1220 1599 nec
1245 1566 1430 1599 vulnerati
1456 1566 1644 1607 respirant
1662 1576 1670 1606 3
1700 1568 1738 1599 et

99 1624 167 1657 sub
186 1624 285 1655 tristi
303 1623 454 1655 silentio
472 1622 739 1655 convalescent
757 1622 947 1662 haereses,
963 1632 1059 1664 qnae
1072 1622 1260 1665 pullulare
1279 1624 1497 1664 coeperunt,
1515 1621 1739 1655 claudentur

100 1678 296 1717 ecclesiae,
316 1677 480 1710 silebunt
498 1678 646 1710 cantica
669 1678 808 1716 divina,
838 1679 1022 1720 cogentur
1047 1679 1276 1716 mendicare,
1303 1678 1364 1718 qni
1384 1686 1499 1719 panes
1517 1677 1738 1719 propositio-

101 1736 158 1767 nis
183 1736 220 1767 in
247 1743 376 1767 mensa
414 1733 564 1766 Domini
597 1734 869 1766 consueverant
894 1734 1133 1766 manducare.
1167 1733 1312 1765 Scimus
1337 1734 1461 1765 autem
1490 1741 1645 1774 pravum
1677 1741 1742 1765 cor

100 1789 263 1823 hominis
288 1788 391 1821 illius
421 1787 583 1832 [comitis
601 1787 818 1831 Flandriae]
844 1789 897 1821 ita
926 1788 1154 1828 induratum,
1182 1789 1279 1829 quod
1308 1788 1737 1820 excommunicationem

98 1846 326 1885 contemnat,
346 1844 588 1877 interdictum
606 1853 678 1876 non
697 1843 841 1883 timeat,
861 1843 1048 1876 secularia
1065 1843 1327 1885 spiritualibus
1346 1843 1560 1885 anteponat.

448 1920 542 1953 Doni
561 1920 750 1962 Bouquet,
765 1919 926 1960 Recuez'l,
941 1919 1026 1953 deel
1039 1919 1145 1961 XIX,
1164 1919 1232 1953 blz.
1255 1919 1331 1954 301.

808 2052 869 2096 19
905 2048 1025 2110 (60).

157 2181 267 2220 1198
294 2181 354 2234 of
375 2181 494 2228 1199,
531 2180 690 2223 Maart
723 2182 791 2228 25,
829 2180 1077 2223 Lateraan.
1116 2180 1196 2223 Bul
1237 2193 1319 2222 van
1360 2178 1637 2222 Innocentius
1674 2179 1735 2221 III

95 2248 266 2304 gericht
303 2254 369 2292 tot
406 2249 459 2292 de
505 2248 838 2306 geestelijkheid
877 2263 929 2291 en
970 2248 1021 2291 de
1064 2248 1337 2306 wereldlijke
1376 2246 1609 2302 bevolking
1653 2260 1736 2288 van

97 2315 291 2368 viterbo,
319 2331 424 2360 over
447 2317 521 2361 het
539 2316 810 2361 behandelen
836 2317 914 2361 der
936 2317 1123 2361 ketters.
1138 2317 1349 2360 —Onder
1366 2316 1418 2358 de
1440 2315 1740 2371 goedkeuring

96 2386 173 2429 der
196 2385 452 2429 kardinalen
477 2400 530 2429 en
554 2385 858 2443 bisschoppen‚
885 2386 953 2430 die
971 2386 1070 2430 hem
1089 2386 1334 2442 omringen‚
1357 2383 1526 2428 beveelt
1544 2384 1596 2426 de
1614 2397 1737 2439 pauS‚

96 2455 169 2498 dat
187 2455 387 2498 niemand
411 2455 493 2497 den
517 2455 687 2498 ketters
723 2455 912 2513 bijstand
936 2456 1154 2499 verleene.
1193 2456 1302 2498 Deze
1327 2467 1380 2496 en
1405 2454 1552 2497 hunne
1576 2452 1740 2509 begun-

98 2524 259 2581 stigers
280 2525 455 2567 worden
482 2524 630 2568 buiten
650 2524 701 2567 de
725 2529 813 2568 wet
839 2525 1026 2581 gestem,
1049 2538 1090 2567 0.
1112 2539 1152 2568 a.
1183 2525 1223 2567 in
1249 2523 1356 2566 zake
1374 2536 1456 2565 van
1476 2521 1737 2578 getuigenis,

100 2598 410 2643 testamenten‚
453 2593 713 2645 erfenissen‚
742 2607 990 2650 processen,
1018 2607 1136 2645 enz.,
1159 2607 1210 2649 op
1246 2592 1361 2635 straf
1387 2604 1468 2634 van
1504 2590 1742 2647 nietigheid

99 2661 177 2705 der
201 2663 460 2719 proceduur.
488 2663 570 2706 Tot
595 2663 812 2719 geenerlei
837 2662 955 2706 ambt
977 2663 1156 2706 kunnen
1191 2662 1243 2719 zij
1270 2661 1517 2717 toegelaten
1542 2659 1738 2703 worden.

100 2731 266 2774 Treden
292 2732 344 2789 zij
372 2745 423 2787 op
447 2732 511 2774 als
532 2731 742 2774 advoeaat
769 2731 815 2775 of
833 2732 1014 2782 notaris,
1052 2732 1134 2775 dan
1157 2732 1242 2788 zijn
1267 2731 1415 2773 hunne
1449 2728 1739 2784 handelingen

101 2801 182 2844 ook
208 2801 359 2857 nietig.
387 2802 445 2844 De
462 2801 748 2857 geestelijken
777 2801 914 2843 onder
934 2802 1019 2844 hen
1045 2801 1187 2843 znllen
1213 2800 1274 2843 uit
1299 2800 1446 2842 hunne
1469 2797 1743 2854 waardighe-

101 2870 240 2913 heden
266 2874 390 2926 gezet
411 2870 608 2913 worden.
632 2870 682 2912 In
706 2869 788 2913 den
813 2869 896 2913 ban
924 2870 1005 2913 der
1031 2870 1140 2912 kerk
1164 2868 1342 2912 worden
1367 2867 1577 2923 diogenen
1601 2867 1744 2923 gesla-

101 2953 202 2996 gen,
239 2939 306 2982 die
339 2938 466 2982 zulke
493 2939 760 2983 verdachten
795 2939 958 2982 zouden
994 2938 1300 2995 begunstigen.
1337 2938 1495 2981 Hunne
1527 2935 1742 2994 goederen
