2050 3470
761 273 830 308 AN
834 271 900 307 ΝΟ
927 271 1120 307 1349-1350
1694 267 1752 302 101

168 387 217 422 Et
233 387 323 429 quid
346 386 468 419 dicam
496 385 542 418 de
566 383 788 418 mulieribus
819 381 989 416 lascivis?
1017 381 1102 424 Ipse
1131 381 1231 415 enim
1256 382 1374 414 instar
1397 382 1436 414 et
1465 381 1752 415 similitudinem

125 443 320 477 hominum
348 442 386 474 in
419 440 584 474 vestibus
620 441 658 473 et
692 438 865 472 omnibus
889 438 966 470 suis
994 437 1224 471 ornamentis
1255 437 1520 478 sequebantur,
1550 438 1680 471 stricte
1713 447 1752 472 se

124 495 315 532 vestiendo
333 498 371 530 et
394 505 462 538 per
485 495 635 528 strictas
666 496 787 528 vestes
814 494 937 527 forma
964 493 1144 526 nuditatis
1169 501 1298 525 earum
1316 493 1531 534 apparebat.
1559 491 1752 526 Ornabant

124 554 239 587 etiam
255 552 379 595 capita
407 560 475 584 sua
498 549 646 592 capillis
670 549 817 589 alieniS,
847 549 1034 582 cornubus
1067 548 1214 592 magnis
1245 548 1342 580 sicut
1366 547 1519 586 bestiae,
1550 548 1682 581 euntes
1706 547 1752 580 ad

125 608 317 649 ecclesias,
342 615 410 649 per
426 607 540 645 vicos,
558 614 626 647 per
642 605 807 647 plateas3
828 606 867 638 et
883 604 980 659 sicu't
1005 604 1081 637 itur
1097 604 1143 637 ad
1161 603 1323 646 nuptias,
1342 603 1457 642 ibant,
1475 603 1654 644 quociens
1670 605 1753 636 erat

125 666 364 706 oportunum,
398 662 443 695 ad
462 660 675 702 sepulturas
699 662 945 699 mortuorum,
964 659 1009 693 ad
1036 659 1207 699 servicia,
1234 659 1280 692 ad
1312 658 1587 700 predicationes
1614 659 1652 690 et
1679 658 1755 692 alia

124 719 208 752 1003
224 717 461 758 ubicumque.
488 717 611 757 Atque
624 724 692 758 per
710 713 801 748 talia
817 715 917 747 viros
942 714 987 747 ad
1005 723 1067 747 eas
1085 714 1360 756 inspiciendum
1384 712 1606 745 videbantur
1623 722 1751 754 provo-

124 782 225 813 care,
250 781 324 805 non
341 770 461 804 solum
479 771 518 803 in
535 770 728 812 predictis
744 770 810 802 sed
828 770 946 802 eciam
964 769 1001 802 in
1029 769 1200 801 omnibus
1217 769 1294 801 suis
1312 765 1439 810 gestis.
1461 767 1538 801 Nec
1562 770 1644 801 erat
1660 778 1753 811 opus

125 828 317 871 Scripturc
341 827 523 860 dicentis:
551 825 660 858 Casta
691 826 747 857 est
771 833 883 866 quam
909 833 1018 857 nemo
1036 824 1198 866 rogavit,
1223 823 1312 865 quia
1334 831 1403 864 per
1419 824 1543 862 nutus,
1556 831 1624 865 per
1641 824 1750 863 115115,

125 894 193 928 per
214 883 439 927 ,iactationes
456 881 651 914 oculorum
677 880 847 913 homines
872 881 1145 922 provocabant;
1164 879 1209 913 de
1223 872 1388 918 lascivia,
1404 878 1450 912 de
1464 878 1663 911 cantilenis
1688 879 1752 912 lu-

124 939 298 979 xuriosis,
312 938 358 971 de
372 937 478 970 novis
494 936 775 970 inventionibus
790 935 1036 974 saltatricum,
1063 935 1400 967 instrumentorum
1417 937 1454 967 et
1481 934 1648 967 omnium
1665 933 1755 966 alio-

124 1003 208 1028 rum
224 993 380 1037 longum
408 993 507 1026 esset
535 1000 727 1025 enarrare.
748 991 926 1024 Homines
943 989 1232 1029 ecclesiasticos,
1251 989 1349 1031 quod
1366 988 1567 1022 dolendum
1592 992 1660 1030 est,
1680 998 1754 1022 non

125 1049 283 1084 excludo
320 1047 489 1082 totaliter
523 1056 546 1080 a
584 1046 783 1088 predictis;
824 1046 912 1087 quia
944 1054 987 1078 ve
1020 1044 1197 1078 ecclesie!
1236 1044 1396 1078 Videtur
1434 1046 1581 1087 tempus
1608 1046 1755 1078 venisse

124 1105 223 1148 quod
247 1105 387 1137 dictum
404 1104 483 1136 est:
509 1104 549 1135 ut
561 1101 735 1144 populus,
751 1101 805 1134 510
818 1101 1014 1141 sacerdos;
1034 1102 1071 1134 et
1088 1101 1272 1142 apparent
1289 1100 1327 1132 in
1343 1100 1516 1133 omnibus
1533 1108 1662 1133 rerum
1676 1109 1753 1134 mu-

125 1161 286 1194 tationes
303 1160 341 1192 et
356 1157 613 1200 unusquisque
631 1157 669 1189 in
687 1165 755 1190 sua
771 1156 1003 1189 conscientia
1015 1155 1085 1188 11οο
1100 1155 1269 1189 advertat
1286 1157 1322 1188 et
1331 1155 1485 1197 judicet.

170 1216 271 1249 Dicit
287 1215 387 1248 enim
415 1215 544 1248 sancta
567 1214 676 1256 virgo
693 1211 938 1256 Hildegardis
959 1212 998 1244 in
1016 1212 1176 1253 quadam
1204 1210 1364 1253 epistola
1379 1211 1425 1244 de
1442 1211 1614 1253 personis
1630 1212 1758 1246 eccle-

125 1271 302 1305 siasticis:
321 1270 461 1303 Vocem
485 1277 634 1311 quoque
657 1267 799 1301 habent
814 1268 853 1300 et
869 1277 942 1300 non
967 1266 1141 1307 clamant,
1168 1275 1284 1308 opera
1307 1267 1426 1299 eciam
1443 1266 1498 1299 eis
1515 1266 1603 1300 data
1618 1269 1705 1300 sunt
1721 1268 1759 1301 et

125 1336 199 1360 non
216 1326 441 1368 operantum
467 1323 632 1367 gloriam
665 1324 804 1364 absque
835 1323 973 1355 merito
1002 1321 1143 1355 habere
1174 1320 1317 1361 volunt,
1347 1323 1384 1355 et
1408 1322 1585 1355 meritum
1617 1322 1758 1364 absque

124 1390 251 1424 opere.
285 1380 356 1420 Qui
386 1380 549 1423 gloriam
578 1380 707 1412 tamen
733 1377 875 1412 habere
902 1377 995 1417 vult,
1020 1377 1291 1419 proprietatem
1323 1386 1428 1410 suam
1459 1376 1666 1410 abscindat.
1685 1376 1757 1416 Qui

124 1436 302 1471 meritum
317 1435 414 1478 apud
439 1435 560 1468 Deum
576 1433 782 1474 desiderat,
803 1441 896 1475 opus
910 1432 956 1465 ad
975 1432 1046 1465 11οο
1063 1431 1251 1465 exhibeat.
1271 1430 1493 1473 Speculator
1510 1433 1611 1465 enim
1627 1434 1684 1465 est
1700 1433 1759 1466 de-

123 1500 237 1534 super
252 1491 394 1530 videns,
418 1489 658 1523 dissimulans
672 1490 710 1523 et
723 1489 938 1530 expectans,
957 1487 1073 1529 judex
1090 1489 1215 1521 tamen
1232 1488 1342 1520 fortis
1359 1489 1397 1520 et
1413 1487 1641 1520 misericors.

168 1546 217 1580 Et
233 1548 290 1580 est
305 1545 465 1579 multum
490 1545 725 1578 mirandum!
751 1543 874 1585 Atque
902 1543 1020 1576 audeo
1038 1543 1165 1576 dicere
1182 1543 1294 1584 quod,
1319 1542 1409 1576 licet
1432 1542 1578 1576 nobiles
1602 1551 1757 1586 genere,

125 1601 197 1635 viri
229 1602 268 1634 et
300 1602 485 1640 matrone,
511 1599 581 1632 filii
611 1601 648 1633 et
673 1598 751 1632 filie
779 1607 924 1639 eorum,
950 1598 1091 1640 aliique
1115 1599 1324 1632 mediocres
1347 1599 1385 1632 et
1411 1607 1531 1642 genus
1562 1607 1693 1632 eorum
1719 1598 1759 1633 in

125 1656 296 1690 omnibus
310 1655 469 1688 statibus
491 1655 579 1687 tunc
605 1653 786 1696 temporis
799 1653 970 1696 predicta
984 1653 1030 1686 de
1042 1654 1142 1687 facto
1156 1654 1391 1694 exercerent,
1409 1662 1594 1695 pauperes
1611 1654 1649 1687 et
1663 1654 1756 1687 infe-

126 1712 248 1745 riores
264 1709 404 1743 similia
415 1710 543 1743 130616
570 1708 748 1742 volebant
764 1710 802 1741 et
819 1709 1048 1742 nitebantur.
1075 1708 1124 1741 Et
1139 1710 1284 1742 certum
1297 1710 1355 1742 est
1370 1709 1469 1750 quod
1483 1710 1583 1742 etate
1602 1709 1759 1750 juvenes

125 1768 164 1801 et
194 1764 452 1800 adolescentes
475 1765 513 1798 et
552 1764 732 1798 mulieres
760 1763 931 1797 videntes
966 1764 1151 1797 novitates
1181 1763 1359 1797 volebant
1395 1764 1522 1798 facere
1549 1764 1687 1798 similia
1721 1765 1760 1798 in

125 1822 272 1855 tantum
288 1821 388 1863 quod
410 1819 519 1854 multi
537 1822 575 1854 et
598 1819 716 1854 multe
735 1828 849 1862 super
865 1828 1025 1862 corpora
1048 1828 1116 1853 sua
1138 1820 1177 1852 in
1201 1818 1352 1862 publico
1368 1819 1572 1861 portabant
1587 1820 1633 1854 de
1649 1820 1760 1854 vesti-

125 1877 262 1911 mentis
299 1877 338 1910 et
361 1875 546 1918 J'ocalibus
571 1875 656 1918 plus
689 1884 801 1917 quam
825 1874 970 1909 valeret
993 1876 1114 1908 totum
1141 1884 1250 1908 suum
1274 1874 1490 1916 residuum3
1517 1876 1555 1908 et
1583 1876 1636 1908 sic
1668 1876 1761 1908 vitia

124 1930 374 1976 pullulabant,
392 1930 538 1964 scilicet
555 1931 745 1972 superbia,
776 1930 974 1973 cupiditaS,
1007 1930 1148 1970 odium,
1163 1930 1316 1970 invidia,
1346 1929 1439 1973 gula
1468 1931 1506 1963 et
1529 1930 1692 1970 luxuria,
1722 1932 1761 1964 et

125 1989 254 2022 cetera
274 1986 334 2019 his
365 1985 515 2019 similia.
546 1985 812 2019 Predicatores
845 1986 983 2025 autem,
1019 1985 1165 2018 scilicet
1195 1985 1332 2027 prelati
1360 1987 1398 2018 et
1432 1994 1593 2028 persone
1629 1989 1759 2020 auten·

126 2044 200 2077 tice
224 2044 263 2076 et
285 2041 457 2086 religiosi
482 2041 753 2081 mendicantes,
773 2041 845 2073 viri
873 2040 999 2083 periti,
1024 2040 1194 2074 videntes
1217 2041 1397 2074 mundum
1424 2039 1690 2074 universaliter
1706 2041 1760 2075 ita

126 2099 227 2132 vitiis
242 2098 447 2137 irretitum,
465 2097 712 2140 predicabant
742 2097 781 2129 in
809 2096 994 2137 ecclesiis,
1012 2096 1050 2129 in
1075 2095 1167 2129 locis
1192 2097 1238 2129 ad
1262 2096 1333 2129 hoc
1358 2096 1467 2139 aptis,
1496 2096 1761 2130 adnuntiantes

126 2154 321 2197 sepissime
352 2152 509 2186 verbum
541 2151 721 2191 divinum,
751 2151 909 2184 virtutes
938 2151 1133 2184 laudantes
1161 2153 1197 2185 et
1221 2152 1318 2184 vicia
1344 2152 1666 2193 contempnentes,
1695 2153 1760 2186 sed

128 2218 261 2253 parum
286 2207 555 2251 proficiebant3
585 2207 674 2248 quia
697 2206 793 2239 sicut
819 2206 1002 2248 scriptum
1026 2208 1108 2239 est:
1147 2206 1254 2248 Cepit
1286 2206 1446 2249 populus
1474 2207 1701 2240 manducare
1722 2209 1761 2241 et

129 2265 272 2305 bibere,
290 2266 327 2297 et
341 2262 590 2296 surrexerunt
606 2261 737 2295 ludere
756 2272 765 2303 ς
791 2262 829 2294 et
852 2261 972 2295 eciam
988 2261 1110 2304 magis
1127 2264 1283 2303 prosunt
1301 2261 1474 2303 exempla
1497 2270 1609 2303 quam
1632 2263 1760 2296 verba.

130 2320 203 2356 Cor
225 2321 351 2353 autem
375 2317 503 2360 populi
529 2326 604 2350 non
628 2319 710 2350 erat
731 2317 876 2350 rectum
904 2325 988 2350 cum
1013 2316 1111 2358 De03
1151 2317 1231 2358 ipse
1255 2320 1380 2350 autem
1405 2319 1462 2356 est
1485 2317 1700 2351 misericors
1724 2319 1763 2351 et

128 2375 292 2419 peccatis
316 2375 389 2408 erit
413 2373 617 2416 propicius.
652 2372 700 2406 Et
734 2371 805 2405 1100
844 2372 1008 2405 ostendit
1034 2372 1072 2405 in
1114 2381 1211 2405 anno
1240 2372 1421 2415 predicto¹
1454 2373 1543 2414 quia
1574 2373 1646 2405 fuit
1675 2382 1760 2406 mu-

129 2431 222 2466 tatio
255 2431 411 2464 dextere
449 2428 621 2469 Excelsi3
662 2427 838 2470 quoniam
867 2427 905 2460 in
933 2427 1000 2460 illo
1040 2436 1152 2467 anno,
1187 2427 1483 2460 fervescentibus
1521 2428 1559 2461 et
1595 2437 1762 2462 crescen-

129 2487 229 2520 tibus
257 2485 364 2519 viciis
395 2483 635 2527 supradictis,
676 2483 857 2516 Dominus
889 2482 1060 2517 adhibuit
1100 2483 1267 2517 remedia
1306 2485 1502 2525 oportuna.
1545 2483 1640 2516 Nam
1679 2485 1764 2526 post

129 2543 268 2576 famam
292 2541 501 2584 predictam
532 2541 570 2573 et
593 2539 885 2572 destructionem
917 2538 1139 2578 Judeorum,
1181 2540 1282 2572 131113
1319 2539 1438 2572 crevit
1475 2539 1522 2573 de
1560 2539 1763 2581 penitenti-

129 2597 211 2637 bus,
229 2596 276 2630 de
303 2596 440 2638 quibus
470 2595 625 2628 intendo
642 2595 768 2628 facere
786 2594 1028 2627 mentionem.
1048 2593 1091 2627 In
1109 2593 1279 2627 Tornaco
1298 2603 1372 2626 non
1390 2595 1472 2627 erat
1488 2603 1670 2634 murmur,
1690 2595 1762 2628 nisi

125 2652 176 2695 *de
207 2651 521 2684 condemnatione
545 2649 754 2683 Judeorum
787 2651 825 2683 et
848 2649 894 2683 de
919 2650 992 2683 ritu
1017 2649 1279 2692 penitentium,
1313 2650 1376 2691 qui
1392 2650 1469 2691 jam
1498 2650 1692 2692 inceperat
1723 2650 1762 2683 in

131 2706 322 2747 Flandria,
338 2709 375 2740 et
392 2715 466 2739 non
484 2706 593 2739 erant
621 2705 858 2738 advertentes
884 2713 956 2746 que
982 2706 1112 2747 postea
1139 2705 1369 2745 acciderunt,
1382 2713 1451 2738 nec
1467 2714 1507 2739 se
1521 2705 1568 2738 de
1583 2705 1763 2747 predictis

131 2762 376 2805 corrigentes.
411 2761 454 2795 In
480 2761 665 2804 principio
694 2762 819 2794 tamen
845 2761 1004 2803 Augusti
1029 2760 1087 2794 vel
1113 2760 1231 2802 quasi,
1261 2761 1443 2802 ceperunt
1473 2760 1510 2793 in
1540 2761 1762 2802 quibusdam

130 2816 341 2859 parrochiis
361 2816 479 2858 aliqui
504 2817 599 2849 mori
616 2817 653 2849 et
669 2815 820 2849 deviare
833 2816 1055 2858 (decedere).

276 2877 412 2912 Prima
433 2877 616 2922 apparitio
640 2875 836 2910 hominum
853 2878 1105 2921 penitenciam
1126 2876 1348 2920 faciem-ium
1380 2877 1420 2909 in
1451 2876 1628 2911 Tornaco.

173 2932 321 2966 Accidit
337 2942 434 2966 anno
447 2933 630 2976 predicto,
651 2932 749 2975 quod
774 2933 811 2966 in
836 2932 897 2966 die
910 2933 1174 2974 assumptionis
1190 2932 1358 2975 Virginis
1373 2932 1550 2975 gloriose,
1578 2934 1763 2966 venerunt

132 2997 154 3022 a
170 2987 260 3022 villa
279 2988 462 3032 Brugensi
487 2989 639 3022 circiter
656 2987 711 3021 CC
735 2987 918 3028 homines,
948 2988 1053 3030 quasi
1085 2986 1179 3022 hora
1194 2987 1355 3031 prandii.
1377 2986 1453 3031 Ipsi
1477 2991 1603 3022 autem
1620 2987 1758 3022 aduna-
