2050 3470
868 270 1006 306 ANNO
1032 269 1116 305 1374
1736 274 1797 306 149

779 505 786 516 ⁸
820 450 919 494 102
952 443 1139 511 (22311).

225 587 345 635 1374,
371 584 491 627 Luik
515 597 569 628 en
591 586 760 628 andere
778 587 1005 641 plaacsen.
1043 586 1381 643 Aanteekening
1414 589 1475 632 uit
1513 603 1619 632 eene
1643 592 1793 634 West-

162 654 352 697 faalsche
376 653 550 710 kronijk
575 668 657 697 vau
683 655 756 697 het
778 654 903 710 begin
929 655 1004 697 der
1038 655 1127 698 16⁶0
1150 670 1273 699 eeuw
1293 671 1397 700 over
1412 657 1462 699 (10
1487 659 1690 702 Dansers.

204 748 346 781 Eodem
389 756 485 780 anno
529 756 624 780 nova
659 748 761 781 secta
795 748 963 780 virorum
999 757 1040 781 ac
1080 749 1282 782 mulierum
1320 751 1550 793 Aquisgrani
1587 751 1794 787 Alconniac

161 802 463 848 [Alemanniae'ss]
497 812 543 836 ex
572 803 742 845 partibus
775 804 879 836 venit
901 804 1144 845 ascenditque
1166 814 1282 846 usque
1307 806 1488 839 Avionem
1512 808 1550 839 et
1581 808 1791 842 Franciam.

160 859 423 893 Illudebantur
454 860 580 892 autem
606 869 628 892 a
651 860 862 899 daemonio,
887 860 940 893 ita
968 862 1008 893 ut
1041 870 1086 893 ne
1118 862 1154 893 in
1183 862 1354 894 domibus
1386 863 1509 901 modo,
1543 871 1672 895 verum
1695 864 1733 896 et
1756 864 1794 897 in

159 914 296 957 plateis
313 914 477 956 publice,
497 914 600 946 omni
625 915 771 947 remota
786 915 1025 954 verecundia,
1045 924 1119 947 una
1142 924 1181 948 se
1206 916 1378 948 manibus
1402 915 1572 949 tenentes
1596 916 1793 949 corisando

158 972 197 1004 et
210 969 380 1003 saltando
397 969 663 1012 tripudiarent,
681 970 720 1002 et
743 970 926 1011 quaedam
943 970 1228 1003 daemoniorum
1250 971 1413 1012 nomina,
1431 969 1559 1014 frisch,
1582 970 1730 1014 fris-hes,
1756 973 1795 1005 et

156 1025 292 1058 horum
309 1024 449 1058 similia
465 1025 565 1058 inter
581 1025 806 1066 saltandum,
833 1027 979 1059 astante
993 1026 1121 1068 populi
1141 1028 1303 1067 caterva,
1318 1027 1399 1060 sine
1413 1028 1514 1060 omni
1532 1028 1794 1062 erubescentia

157 1080 417 1114 inclamarent.
437 1080 518 1120 Qua
534 1080 736 1114 saltatione
753 1081 941 1123 completa
958 1082 1059 1114 cirea
1075 1082 1299 1123 praecordia
1314 1083 1419 1116 tanta
1443 1084 1590 1116 tortura
1605 1084 1792 1117 vexaban-

155 1135 229 1171 tur.
263 1135 306 1166 ut
336 1133 381 1166 ab
414 1134 559 1174 amicis,
593 1134 657 1175 qui
690 1143 774 1167 cum
806 1134 936 1168 dolore
964 1135 1066 1176 ipsos
1083 1135 1390 1176 insequebantur,
1409 1135 1530 1178 peplis
1562 1136 1607 1169 de
1639 1137 1792 1171 funibus

154 1190 401 1233 cingerentur
416 1190 523 1231 quasi
539 1189 688 1231 furiosi,
707 1189 798 1231 ipsis
815 1198 854 1222 50
871 1190 1024 1223 interim
1042 1190 1117 1223 iam
1137 1191 1305 1223 mortuos
1323 1190 1585 1225 clamantibus

197 1245 337 1278 Verum
349 1246 414 1278 ubi
428 1245 569 1278 Leodio
587 1245 948 1287 appropinquarunt,
969 1246 1172 1287 presbiteri
1190 1247 1410 1279 exorcismis
1427 1246 1532 1289 ipsis,
1552 1247 1687 1288 quibus
1704 1249 1791 1282 ante

154 1301 381 1343 baptismum
396 1301 582 1334 infantum
605 1301 760 1341 utimur,
779 1300 915 1333 multos
932 1300 1205 1341 liberaverunt,
1223 1302 1288 1343 qui
1308 1302 1429 1335 sanati
1447 1302 1682 1344 dicebantur,
1702 1304 1791 1345 quia

152 1357 350 1390 videbatur
376 1356 468 1399 ipsis
491 1356 530 1389 in
547 1355 763 1397 huiusmodi
791 1355 1003 1389 saltationis
1031 1355 1126 1389 hora
1151 1357 1258 1398 qnasi
1276 1357 1313 1390 in
1338 1357 1535 1400 sanguinis
1551 1358 1658 1391 rubri
1676 1359 1789 1392 fluvio

152 1410 383 1450 incederent,
408 1409 581 1450 hancque
605 1409 650 1441 ob
668 1417 820 1441 causam
846 1408 885 1441 in
915 1408 1033 1441 altum
1051 1409 1104 1441 510
1133 1408 1344 1442 saltassent.
1372 1409 1516 1453 Vulgus
1541 1411 1667 1444 autem
1691 1412 1789 1454 apud

151 1465 335 1499 Leodium
350 1464 514 1497 maxime
541 1464 726 1496 infamare
751 1462 895 1496 clerum
918 1462 1048 1496 volens
1073 1463 1169 1497 hanc
1198 1472 1279 1497 rem
1308 1465 1354 1497 ob
1383 1465 1621 1498 sacerdotum
1645 1465 1790 1500 scelera

151 1521 236 1555 fieri
248 1520 409 1560 dicebat,
423 1519 512 1561 quia
524 1519 702 1561 baptisati
719 1519 879 1552 fuissent
897 1527 919 1552 a
932 1519 1190 1552 sacerdotibus
1207 1520 1486 1553 concubinariis
1504 1531 1513 1562 3
1533 1522 1788 1564 ceperuntque

149 1575 327 1620 persequi
352 1574 509 1617 clerum,
539 1574 711 1608 volentes
736 1574 850 1608 etiam
879 1575 918 1607 in
949 1575 1073 1617 ipsum
1105 1575 1305 1618 insurgere
1340 1576 1378 1608 et
1413 1576 1585 1610 occidere
1615 1577 1787 1619 bonaque

149 1632 268 1675 ipsius
296 1632 475 1674 diripere.
509 1630 615 1670 Quod
647 1631 779 1673 utique
803 1639 918 1673 opere
949 1628 1208 1673 perfecissent,
1244 1631 1318 1664 nisi
1347 1632 1447 1665 Deus
1473 1642 1540 1675 per
1570 1632 1786 1667 huiusmodi

149 1688 377 1722 exorcismos
401 1688 525 1730 ipsum
556 1686 700 1720 clerum
733 1687 778 1720 ab
807 1686 1048 1720 inimieorum
1079 1687 1251 1720 manibus
1290 1687 1492 1730 eripuisset
1531 1689 1569 1722 et
1606 1688 1785 1724 maiorem

148 1744 332 1779 honorem
355 1744 428 1778 sibi
445 1743 618 1778 exhiberi
634 1751 704 1785 per
720 1742 935 1775 huiusmodi
953 1750 1069 1784 opera
1084 1744 1337 1784 procurasset.

495 1821 663 1856 Historia
687 1819 937 1865 Westplzalica
959 1830 1031 1854 van
1049 1822 1121 1855 den
1145 1822 1429 1865 BenedictiJner
1445 1822 1662 1857 Bernardus
1678 1822 1783 1857 Wit-

537 1878 613 1911 tius
637 1876 823 1918 (Munster
856 1876 967 1918 1778),
1003 1877 1050 1910 ad
1089 1886 1252 1920 annum3
1292 1878 1527 1922 aangehaald
1554 1881 1648 1914 door
1686 1881 1782 1916 Saxo

538 1932 687 1976 Sylvius
704 1934 743 1966 in
757 1932 811 1966 De
826 1932 1077 1976 Navorscher,
1094 1934 1152 1967 4⁴³0
1163 1935 1361 1979 jaargang,
1381 1934 1450 1968 blz.
1469 1936 1525 1977 88,
1543 1937 1586 1971 89
1603 1937 1783 1980 (1854).—

534 1990 631 2023 Deze
644 1989 939 2032 aanteekening,
958 1989 1018 2022 die
1035 1989 1314 2032 verkeerdeliJk
1329 2000 1375 2034 op
1405 1991 1430 2024 ’t
1452 1992 1535 2034 jaar
1563 1993 1648 2027 1375
1674 2003 1780 2027 voor-

534 2045 652 2085 komt‚
668 2044 807 2087 schiJ'nt
823 2043 1001 2078 ontleend
1019 2054 1089 2078 aan
1107 2046 1153 2079 de
1170 2045 1324 2088 kronijk
1336 2055 1407 2080 van
1421 2047 1493 2081 (1011
1511 2047 1780 2092 Tongcrschen

536 2101 659 2134 deken
673 2099 898 2143 Radulphus
923 2100 968 2135 de
991 2101 1088 2135 Rivo
1101 2099 1157 2144 (-}-
1171 2100 1282 2142 1403).
1303 2102 1366 2136 Zie
1383 2112 1450 2136 ons
1469 2102 1621 2147 Corpus,
1647 2104 1730 2140 deel
1747 2105 1778 2147 Ι,

535 2162 574 2189 nr
589 2154 667 2197 223,
680 2154 749 2188 blz.
765 2155 923 2190 233-235.

802 2303 910 2348 103
930 2297 1120 2363 (22312).

201 2443 320 2492 1374,
354 2439 655 2485 Vlaanderen.
681 2439 922 2484 Uittreksel
946 2440 1012 2484 uit
1046 2440 1252 2498 Meyerus
1283 2455 1390 2486 over
1422 2442 1474 2486 de
1506 2443 1697 2488 Dansers
1730 2443 1776 2489 in

140 2508 215 2553 dat
238 2511 424 2567 gewest.

183 2603 240 2636 Ex
264 2603 402 2637 finibus
417 2603 544 2638 Rheni
563 2603 602 2638 et
618 2603 747 2638 Mosae
762 2604 892 2647 magni
909 2612 1048 2648 greges
1072 2612 1140 2638 ceu
1158 2605 1364 2639 amentium
1381 2605 1576 2640 hominum
1592 2608 1778 2642 venerunt

140 2658 179 2691 in
194 2658 410 2693 Flandriam
425 2659 584 2693 choreas
600 2660 779 2694 ducentes
796 2669 840 2693 ac
856 2661 1094 2694 continenter
1109 2660 1289 2694 saltantes
1305 2663 1343 2695 ct
1358 2664 1535 2696 canentes
1552 2662 1652 2696 haud
1669 2657 1776 2697 secus

95 2757 98 2763 Ι
139 2723 183 2747 ac
199 2715 310 2748 furiis
327 2716 550 2757 quibusdam
577 2716 773 2759 exagitati,
793 2717 858 2750 sed
882 2717 920 2750 et
938 2725 982 2750 ea
1007 2717 1198 2750 dementia
1214 2727 1287 2758 quo
1313 2719 1422 2759 pacto
1446 2719 1559 2752 finem
1587 2720 1777 2761 acceperit

139 2778 213 2802 non
243 2770 406 2812 reperio.
442 2771 606 2804 Autumo
642 2770 734 2804 talia
761 2772 918 2804 rudibus
948 2772 1128 2805 accidisse
1152 2771 1375 2805 mortalibus
1399 2774 1601 2816 propterea
1627 2775 1725 2816 quod
1753 2784 1776 2808 a

138 2825 302 2866 pueritia
319 2825 446 2869 legem
464 2826 536 2859 Dei
553 2835 626 2858 non
641 2825 878 2860 docerentur.
898 2826 1017 2860 Erant
1033 2827 1134 2859 enim
1151 2827 1459 2861 tenebrosissima
1481 2828 1664 2871 tempora.

490 2897 679 2939 Meyerus,
705 2896 874 2932 Annales
897 2896 1105 2932 Flandriae
1122 2897 1250 2940 (1561),
1274 2897 1339 2931 iol.
1361 2898 1423 2932 165
1437 2908 1559 2940 verso,
1573 2900 1620 2934 ad
1636 2909 1775 2935 annum

536 2951 631 2985 1373.
