2050 3470
258 284 323 317 ‘212
948 275 1085 310 ANNO
1113 276 1196 310 1418

257 394 446 435 denegare
459 399 595 432 corpus
614 387 771 428 Christi3
790 388 888 429 quod
907 387 937 420 si
958 387 1121 430 deneget
1138 388 1260 420 dictus
1277 389 1445 429 curatus,
1459 388 1591 429 peccat
1620 387 1833 423 mortaliter
1860 389 1899 423 et

257 450 314 482 est
339 445 699 481 excommunicatus,
719 443 785 475 Est
806 444 1118 485 presumptuosus
1134 444 1172 476 et
1189 443 1430 483 temerarius,
1449 443 1487 476 et
1514 443 1553 476 in
1573 444 1647 477 fine
1672 444 1711 476 in
1728 445 1897 478 moribus

258 504 345 536 fidei
360 510 554 535 erroneus.

299 574 315 587 ν,
330 558 439 596 Item,
466 555 564 597 quod
589 555 717 587 stat-im
737 555 894 597 peccato
919 552 1071 586 mortali
1097 552 1310 592 commisso,
1336 553 1514 594 peccator
1540 554 1607 586 sub
1625 562 1723 595 pena
1746 554 1895 596 peccati

254 612 424 647 mortalis
441 612 553 645 debet
579 610 674 643 illud
706 609 891 648 confiteri,
922 609 1142 651 priusquam
1163 607 1258 641 illud
1287 608 1544 642 obliuiscatur.
1572 609 1639 642 Est
1653 619 1837 643 erroneus
1853 609 1894 643 in

254 669 421 702 moribus
439 668 761 700 sacramentorum
779 666 816 697 et
831 664 920 697 fidei
940 664 1182 698 temerarius.

300 738 315 751 n
331 723 440 761 Item,
459 720 559 762 quod
576 729 649 752 non
668 721 724 753 est
740 718 893 751 mulieri
911 728 1004 760 opus
1020 718 1229 760 purificarj,
1251 719 1431 760 quinymo
1449 718 1520 751 hoe
1538 718 1685 752 scilicet
1703 719 1895 761 purificarj

255 780 311 812 est
322 777 535 820 judayzare.
550 775 616 808 Est
627 775 853 808 temerarius
867 775 904 807 et
917 773 1160 806 scandalosus
1173 772 1209 806 in
1224 774 1393 806 moribus
1407 774 1445 807 et
1460 774 1711 816 obseruantijs
1724 773 1897 808 ecclesie.

300 849 315 861 „
331 833 440 872 Item,
471 831 570 873 quod
587 829 799 873 presbyteri
829 828 971 871 publici
990 829 1247 870 concubinarij
1269 829 1356 861 sunt
1381 829 1699 862 excommunicati
1716 830 1755 862 et
1772 838 1900 863 secum

254 889 418 921 scienter
433 886 715 929 participantes.
736 885 803 918 Est
820 886 1130 926 presumptuosus
1148 886 1185 918 et
1211 884 1470 925 scandalosus‚
1489 886 1526 918 et
1542 885 1581 918 in
1600 885 1766 919 secunda
1788 886 1898 928 parte

255 952 451 978 erroneus.

301 1014 316 1027 9⁹
332 998 442 1037 Item,
484 997 582 1038 quod
613 996 829 1039 presbyteri
868 994 1127 1028 concubinarii
1159 995 1303 1037 publici
1333 997 1419 1029 sunt
1446 996 1598 1038 peiores
1630 996 1756 1037 Juda„
1772 997 1836 1038 qui
1853 996 1900 1030 de

254 1055 388 1089 loculis
413 1053 671 1096 apostolorum
690 1053 851 1086 nutriuit
869 1061 974 1085 suam
1006 1052 1255 1085 concubinam
1273 1054 1311 1086 et
1346 1062 1432 1086 suas
1461 1052 1601 1094 proles.
1621 1053 1688 1086 Est
1704 1062 1899 1096 presump-

254 1114 383 1144 tuosus
401 1112 434 1142 et
452 1110 490 1142 in
508 1109 676 1141 moribus
695 1107 855 1141 ecclesie
873 1116 1069 1140 erroneus.

299 1182 314 1195 η
329 1166 438 1203 Item,
458 1165 557 1206 quod
582 1164 709 1206 plures
727 1163 940 1196 sacerdotes
959 1171 980 1195 a
1003 1163 1150 1195 modico
1175 1164 1347 1204 tempore
1371 1163 1469 1196 citra
1492 1162 1790 1197 licentiauerunt
1807 1164 1895 1197 ficte

258 1231 342 1255 suas
375 1220 621 1260 concubinas3
651 1220 750 1258 ficte,
779 1219 947 1259 inquam,
981 1218 1070 1258 quia
1094 1217 1240 1251 occulte
1266 1219 1400 1251 bibunt
1425 1220 1461 1251 et
1479 1218 1682 1251 comedunt
1709 1228 1795 1252 eum
1819 1219 1897 1252 suis

254 1276 486 1316 concubinis,
506 1274 604 1316 quod
622 1273 747 1306 nullus
772 1265 927 1306 deberet
943 1273 1041 1314 pat13
1068 1282 1154 1315 ymo
1172 1282 1257 1306 cum
1277 1274 1421 1306 eisdem
1449 1274 1709 1307 sacerdotibus
1733 1273 1897 1316 publicis

254 1331 530 1372 concubinarijs
548 1332 817 1363 conuersantes
832 1331 868 1361 et
885 1338 949 1362 eos
967 1329 1221 1362 fauorisantes
1239 1330 1326 1362 sunt
1340 1329 1378 1361 in
1395 1330 1478 1371 pari
1495 1330 1665 1371 peccato,
1685 1331 1722 1363 et
1738 1332 1899 1372 peccant

255 1389 318 1430 qui
352 1397 416 1420 eos
447 1387 620 1419 nituntur
647 1394 829 1418 excusare
853 1384 958 1417 falsis
990 1384 1120 1426 glosis,
1155 1385 1222 1417 Est
1254 1385 1460 1418 sediciosus
1492 1386 1529 1418 et
1560 1385 1710 1427 piarum
1742 1385 1894 1418 aurium

255 1443 459 1476 offensiuus
484 1443 521 1474 et
537 1442 575 1473 in
594 1441 762 1473 moribus
782 1439 943 1473 ecclesie
961 1441 1172 1481 suspectus.

299 1514 315 1527 „
330 1498 439 1537 Item,
474 1497 505 1529 si
536 1496 776 1538 parrochianj
817 1495 976 1528 alicuius
1006 1495 1127 1528 curati
1168 1496 1425 1537 concubinarij
1460 1496 1603 1538 publici
1641 1497 1738 1530 bene
1771 1497 1893 1530 Deum

259 1553 476 1596 diligerent,
495 1552 677 1585 deberent
695 1551 870 1584 inhibere
888 1560 954 1583 suo
973 1552 1103 1583 curato
1122 1550 1273 1592 publico
1294 1552 1577 1591 concubinario‚
1598 1561 1646 1585 ne
1662 1543 1816 1585 missam
1833 1552 1898 1585 aut

255 1609 357 1642 aliud
376 1608 547 1640 diuinum
564 1607 730 1640 officium
759 1616 886 1639 coram
910 1606 1052 1639 eisdem
1077 1606 1339 1647 parrochianis
1365 1606 1590 1640 celebraret.
1618 1607 1685 1640 Est
1701 1609 1897 1649 suspectus

255 1665 294 1696 in
325 1664 493 1696 moribus
518 1662 678 1695 ecclesie
703 1663 740 1695 et
763 1661 1005 1694 scandalosus
1027 1663 1065 1694 et
1081 1662 1183 1694 inter
1214 1661 1395 1694 articulos
1423 1662 1724 1696 Wiclefistarum
1748 1663 1896 1696 senten-

255 1718 399 1752 tialiter
415 1719 727 1759 condempnatus,

301 1791 316 1808 n
327 1774 436 1813 Item,
451 1773 549 1814 quod
564 1772 746 1805 facientes
761 1771 947 1805 celebrari
961 1772 1094 1805 missas
1108 1781 1176 1814 per
1190 1772 1405 1805 sacerdotes
1419 1772 1710 1806 concubinarios
1723 1773 1896 1815 publicos

255 1830 412 1871 peccant
427 1827 655 1861 mortaliter.
669 1827 735 1860 Est
747 1827 989 1860 seandalosus
1003 1830 1040 1860 et
1058 1828 1265 1860 sediciosus
1283 1828 1322 1860 in
1344 1828 1514 1861 moribus
1538 1828 1699 1862 ecclesie
1722 1830 1759 1862 et
1775 1829 1891 1862 teme-

257 1885 380 1918 rarius
394 1885 433 1916 in
446 1884 577 1916 vltima
593 1883 651 1916 sui
668 1884 788 1925 parte.

301 1955 316 1968 „
332 1939 441 1979 Item,
467 1939 566 1980 quod
597 1939 792 1972 audientes
810 1939 974 1972 scienter
991 1939 1124 1971 missas
1143 1939 1382 1972 sacerdotum
1407 1939 1648 1980 publicorum
1664 1939 1896 1973 concubina-

256 1996 400 2028 riorum
418 1996 574 2037 peccant
592 1995 816 2027 mortaliter.
839 1995 906 2027 Est
923 1995 1150 2028 temerarius
1172 1996 1209 2028 et
1226 1996 1264 2027 in
1282 1995 1451 2028 moribus
1466 1995 1626 2029 ecclesie
1639 1995 1895 2029 seandalosus.

302 2066 317 2079 n
333 2050 442 2090 Item,
461 2051 499 2082 in
518 2050 707 2092 aliquibus
725 2059 941 2083 sermonum
959 2060 1114 2083 suorum
1133 2051 1255 2083 dictus
1272 2050 1482 2092 Serrurarij
1502 2052 1660 2084 vocabat
1677 2052 1715 2084 et
1738 2051 1898 2093 presby-

256 2108 358 2139 teros
371 2106 520 2139 vocauit-
537 2106 745 2138 obstinatos
763 2107 801 2138 et
817 2106 1054 2147 reprobatos,
1074 2106 1268 2138 addiciens
1287 2105 1458 2145 vlteriuS,
1477 2106 1576 2147 quod
1593 2116 1667 2139 non
1685 2106 1767 2139 sine
1784 2114 1898 2139 causa

255 2162 457 2204 presbiteri
476 2162 706 2194 vocabantur
722 2160 876 2202 ribaldj.
897 2161 964 2193 Est
980 2161 1224 2194 scandalosus
1249 2162 1288 2194 et
1303 2161 1525 2203 inJ‘uriosus.

302 2232 317 2245 „
332 2217 441 2256 Item,
460 2218 558 2258 quod
575 2217 725 2249 deferre
750 2216 934 2249 honorem
951 2217 1096 2249 feretro
1114 2217 1215 2249 beati
1233 2217 1389 2249 Antonii
1418 2218 1501 2249 erat
1518 2217 1663 2250 crimen
1692 2216 1897 2258 ydolatrie.

255 2270 321 2304 Est
337 2272 508 2305 absolute
526 2272 768 2305 scandalosus
785 2274 821 2304 et
836 2272 985 2313 piarum
1000 2272 1151 2304 aurium
1170 2272 1391 2312 offensiuus,
1407 2273 1444 2304 et
1457 2272 1496 2304 in
1510 2281 1599 2305 casu
1613 2282 1687 2313 quo
1701 2272 1740 2304 in
1752 2273 1896 2305 feretro

254 2328 355 2360 beati
373 2328 528 2360 Antonii
552 2328 678 2360 forent
701 2326 877 2368 reliquie,
905 2328 1045 2359 extunc
1075 2328 1132 2360 est
1149 2327 1186 2359 in
1216 2327 1290 2360 fide
1307 2336 1489 2360 erroneus
1521 2327 1727 2360 secundum
1744 2327 1898 2360 beatum

253 2383 504 2421 Jeronimum‚
520 2382 584 2423 qui
598 2384 754 2424 propter
771 2381 1124 2415 dehonestationem
1141 2381 1392 2423 reliquiarum
1410 2384 1448 2415 et
1464 2384 1681 2415 sanctorum
1698 2381 1898 2424 puluerem

254 2438 440 2471 hereticat
459 2437 723 2480 Vigilantium.

301 2506 314 2522 ι
335 2493 444 2532 Item,
464 2493 562 2533 quod
579 2492 634 2524 illi
659 2493 721 2533 qui
740 2493 829 2525 dant
854 2492 899 2525 ad
917 2493 1188 2525 comedendum
1212 2492 1336 2533 porcis
1360 2492 1616 2525 baiulantibus
1634 2492 1897 2534 campanulam

255 2548 355 2581 beati
390 2548 557 2589 Antonij,
576 2550 733 2589 peccant
765 2547 978 2580 mortaliter
1009 2548 1162 2580 racione
1190 2548 1422 2588 precedenti.
1456 2547 1616 2580 Videtur
1649 2547 1689 2579 in
1727 2547 1897 2580 moribus

254 2603 412 2635 ecclesie
438 2611 618 2636 erroneus
644 2604 681 2635 et
705 2604 762 2636 est
786 2603 832 2636 de
856 2611 895 2635 se
921 2602 1174 2642 scandalosus‚
1201 2602 1239 2634 in
1265 2602 1339 2635 fine
1362 2611 1453 2635 vero
1477 2601 1517 2634 in
1541 2601 1710 2634 moribus
1734 2601 1896 2636 ecclesie

255 2668 450 2691 erroneus.

299 2728 315 2745 α
333 2715 443 2755 Item,
472 2714 572 2755 quod
599 2713 760 2747 multum
787 2714 999 2747 mirabatur
1027 2714 1214 2754 quomodo
1245 2710 1384 2755 prelati
1418 2712 1655 2745 sustinebant
1686 2712 1762 2746 tale
1790 2712 1892 2754 quid,

253 2769 397 2803 scilieet
414 2770 564 2803 deferre
578 2769 793 2802 huiusmodi
806 2770 991 2802 feretrum
1007 2779 1076 2811 per
1089 2769 1230 2811 patrias
1245 2778 1331 2801 suas
1344 2769 1501 2810 propter
1515 2767 1624 2810 larga
1636 2767 1806 2808 donaria,
1820 2776 1894 2809 que

253 2833 275 2857 a
301 2824 493 2868 religiosis
521 2825 641 2857 sancti
668 2824 852 2857 Anthonii
868 2823 1074 2857 habebant.
1104 2824 1172 2856 Est
1207 2823 1448 2857 scandalosus
1485 2823 1524 2856 et
1558 2823 1709 2864 piarum
1744 2823 1895 2856 aurium

254 2880 472 2920 offensiuus,
491 2881 529 2912 et
545 2888 567 2912 a
578 2879 837 2921 predicatione
853 2879 1004 2922 vulgari
1021 2880 1240 2912 extraneus.

297 2948 313 2961 α
331 2935 440 2975 Item,
466 2935 566 2976 quod
590 2934 761 2976 deputati
785 2934 832 2967 ad
855 2934 1133 2976 deportandum
1156 2933 1373 2976 hujusmodi
1398 2933 1585 2967 feretrum
1610 2942 1684 2966 non
1709 2933 1798 2967 sunt
1819 2932 1893 2967 nisi

251 2990 506 3033 trumpatores
519 2991 558 3023 et
574 2990 826 3023 cabusatores.
847 2989 914 3023 Est
930 2989 1138 3031 injuriosus
1152 2990 1191 3023 et
1206 2990 1246 3023 in
1262 2989 1432 3023 moribus
1449 2988 1537 3023 fidei
1552 2989 1764 3032 suspectus,
