2050 3470
800 280 865 313 AN
873 280 937 313 ΝΟ
965 279 1149 312 1235-1236
1745 280 1785 311 47

145 397 306 450 genoot
327 393 520 436 Andreas
539 393 696 453 Silvius
716 391 1061 433 Marebianensis
1082 404 1186 432 over
1206 391 1279 433 het
1301 392 1550 448 vervolgen,
1579 392 1785 435 verbran-

146 464 227 506 den
247 477 299 505 en
325 462 539 504 kerkeren
564 476 645 504 van
671 461 763 503 veel
790 460 957 502 ketters
976 460 1081 502 door
1104 460 1186 502 den
1207 460 1467 514 predikheer
1490 461 1669 505 Robert.

188 557 297 590 Anno
323 556 473 588 Domini
492 554 577 588 1225
599 554 683 596 (lees
700 553 833 594 .·1·235).
865 553 917 585 De
947 554 1123 586 mandato
1150 555 1286 586 summi
1317 555 1507 596 pontilicis
1532 555 1706 597 Gregorii
1731 555 1784 587 IX

146 612 248 644 venit
265 613 384 644 frater
395 611 585 644 Robertus
599 611 644 643 de
659 610 792 642 ordine
806 609 1086 650 predicatorum
1100 609 1138 641 in
1157 618 1318 651 regnum
1337 610 1496 642 Francie
1515 612 1552 642 et
1566 611 1785 642 comitatum

147 667 417 700 Flandrensem
442 667 479 698 et
500 665 637 697 multos
663 665 860 705 utriusque
885 673 996 696 sexus
1021 665 1252 696 examinavit
1276 665 1322 697 de
1349 665 1436 705 fide,
1459 664 1596 697 multos
1615 665 1785 698 infideles

145 722 375 764 consumpsit
395 721 555 754 flammis
573 720 772 752 ultricibus
790 721 827 751 et
844 718 982 752 multos
1000 721 1180 761 perpetuo
1200 720 1343 753 carceri
1369 721 1608 761 mancipavit.

495 798 665 831 Andreas
683 796 820 830 Silvius
839 796 1137 829 Marehianensis
1158 796 1206 837 bij
1235 796 1359 836 Pertz,
1378 796 1638 837 Monumenta,
1665 798 1784 836 Scrip-

539 858 646 893 tores,
667 852 750 886 deel
769 852 907 891 XXVI,
928 851 996 884 blz.
1016 851 1092 884 215.

876 967 946 1011 26
981 962 1117 1026 (95⁴).

206 1097 458 1145 1235-1236,
492 1095 791 1139 Vcaanderen.
815 1096 1056 1139 Uittreksel
1079 1095 1143 1138 uit
1167 1108 1273 1137 eene
1295 1093 1586 1151 gelijktijdige
1611 1095 1787 1152 kronijk

143 1178 227 1207 van
251 1163 449 1207 Soissons
468 1179 572 1207 over
594 1163 780 1208 broeder
804 1164 1003 1208 Robert‘s
1027 1164 1438 1220 kettervervolging
1460 1164 1504 1206 in
1529 1164 1784 1221 Frankrijk‚

144 1233 439 1285 Vlaanderen,
469 1233 764 1290 Champagne‚
790 1234 1078 1289 Bourgondie,
1097 1233 1379 1276 enz.—Eene
1403 1234 1594 1289 menigte
1617 1233 1788 1276 ketters

146 1302 322 1346 werden
347 1303 681 1359 aangehouden,
718 1303 822 1345 door
854 1302 908 1345 de
931 1303 1184 1359 geestelijke
1218 1302 1467 1346 overheden
1502 1302 1786 1345 veroordeeld

146 1386 200 1415 en
218 1385 300 1415 aan
319 1371 371 1414 de
395 1372 663 1429 wereldlijke
687 1372 833 1415 maoht
857 1372 1186 1428 overgeleverd.
1211 1371 1404 1427 Eenigen
1430 1372 1583 1415 eohter
1607 1371 1784 1414 werden

147 1441 309 1484 slechts
343 1441 590 1497 gekerkerd
623 1455 690 1483 om
723 1440 850 1484 boete
883 1447 926 1485 te
960 1441 1102 1492 doen;
1140 1455 1260 1483 maar
1292 1441 1501 1494 anderen,
1539 1441 1606 1484 die
1638 1442 1786 1484 hunne

145 1510 320 1567 ketterij
347 1510 437 1554 niet
462 1511 619 1553 wilden
637 1510 873 1560 afzweren,
896 1511 1072 1553 werden
1094 1509 1311 1553 verbrand
1331 1524 1381 1553 en
1403 1511 1552 1553 hunne
1570 1510 1786 1566 goederen

143 1579 359 1624 verbeurd
383 1581 630 1624 verklaard.
661 1581 731 1624 Dit
762 1581 869 1624 alles
901 1580 1118 1637 gebeurde
1151 1580 1240 1623 niet
1262 1580 1403 1622 alleen
1437 1579 1500 1622 dit
1529 1580 1642 1636 jaar,
1669 1594 1789 1623 maar

144 1650 228 1693 ook
260 1649 510 1706 gedurende
542 1651 594 1693 de
619 1650 709 1692 drie
745 1651 1020 1706 voorgaande
1054 1664 1107 1692 en
1141 1649 1193 1691 de
1217 1648 1300 1705 vijf
1318 1649 1530 1705 volgende
1547 1650 1694 1706 jarem
1732 1663 1785 1691 en

146 1719 259 1762 later
277 1732 379 1775 nog.

190 1810 449 1844 MCCXXXVI
455 1835 521 1843 .....
559 1811 822 1844 Heretieorum
854 1811 1017 1844 maxima
1045 1810 1260 1852 multitudo,
1295 1820 1387 1852 quos
1419 1810 1571 1851 quidam
1604 1811 1787 1842 vocabant

147 1866 345 1909 Bulgaros‚
380 1866 446 1900 alii
475 1867 605 1906 Piflos,
636 1876 704 1908 per
731 1867 899 1899 diversas
932 1867 1103 1899 civitates
1132 1868 1169 1899 et
1197 1866 1355 1899 castella
1388 1866 1560 1905 Francie,
1596 1865 1786 1903 Flandrie,

148 1922 362 1964 Campanie,
382 1922 598 1964 Burgundie
614 1924 651 1955 et
664 1925 877 1955 ceterarum
891 1922 1420 1963 provinciarum,procurante
1439 1922 1600 1963 quodam
1618 1921 1787 1954 Roberto

146 1978 263 2010 fratre
280 1978 554 2020 praedicatore,
573 1978 686 2019 capti,
707 1977 911 2010 examinati
930 1979 963 2010 et
990 1977 1143 2018 probati
1170 1986 1237 2019 per
1255 1977 1573 2019 archiepiscopos,
1593 1977 1789 2018 episcopos

147 2034 183 2065 et
205 2034 443 2066 caeterorum
468 2033 658 2075 graduum
684 2032 1028 2065 ecclesiastieorum
1052 2032 1257 2074 praelatos,
1279 2033 1324 2065 ad
1348 2032 1524 2065 ultimum
1543 2033 1735 2073 dampnati
1754 2033 1792 2064 et

146 2090 324 2130 tanquam
341 2087 500 2121 heretici
520 2087 756 2121 secularibus
774 2088 1023 2129 potestatibus
1049 2090 1135 2120 sunt
1161 2088 1304 2121 traditi.
1325 2088 1486 2126 Quidam
1503 2097 1591 2120 vero
1620 2088 1788 2129 ipsorum

147 2144 193 2177 ad
216 2144 401 2186 agendam
424 2144 672 2185 penitentiam
696 2144 734 2175 in
760 2144 902 2175 carceri
921 2145 1008 2175 sunt
1032 2145 1182 2176 retrusi.
1204 2143 1279 2177 Alii
1305 2152 1406 2182 vero,
1427 2144 1489 2184 qui
1516 2142 1713 2175 heresibus
1731 2151 1787 2175 re-

144 2199 319 2232 nuntiare
349 2199 562 2238 noluerunt,
603 2199 692 2241 igne
728 2199 939 2240 consumpti
965 2200 1064 2240 sunt,
1102 2201 1139 2231 et
1171 2200 1267 2231 bona
1295 2199 1465 2241 ipsorum
1498 2208 1520 2231 a
1552 2198 1786 2231 secularibus

146 2254 396 2297 potestatibus
432 2256 518 2286 sunt
541 2255 704 2295 recepta.
730 2254 813 2286 Non
832 2253 953 2287 solum
972 2255 1070 2286 istud
1088 2255 1228 2286 factum
1245 2257 1301 2287 est
1318 2255 1356 2286 in
1376 2255 1446 2286 isto
1476 2262 1586 2293 anno,
1611 2254 1675 2287 sed
1701 2255 1787 2286 ante

147 2319 216 2352 per
239 2312 316 2342 tres
340 2310 537 2342 continuos
563 2319 680 2342 annos
705 2311 743 2342 et
759 2311 842 2351 post
860 2318 929 2351 per
945 2310 1111 2350 quinque
1130 2311 1328 2342 continuos
1353 2319 1470 2342 annos
1495 2312 1532 2341 et
1556 2309 1651 2351 plus.
1680 2310 1787 2342 Dice-

148 2366 259 2398 batur
290 2365 474 2406 siquidem
502 2374 523 2397 a
548 2364 689 2403 multis,
709 2365 808 2405 quod
838 2365 986 2398 infinita
1017 2365 1217 2397 multitudo
1249 2365 1503 2397 hereticorum
1530 2374 1597 2406 per
1621 2365 1787 2397 diversas

146 2422 272 2463 partes
297 2420 442 2453 Galliae
467 2420 634 2461 disperse
653 2422 772 2452 erant.

496 2485 662 2519 Annales
684 2486 718 2519 S.
748 2485 923 2519 Medardz·
946 2487 1240 2526 Suessionenses,
1281 2488 1328 2528 bij
1369 2488 1492 2526 Pertz,
1526 2486 1787 2526 Monumenta,

540 2541 847 2584 Scffipto7·es‚deel
862 2542 999 2584 XXVI,
1014 2542 1080 2576 blz.
1098 2543 1178 2584 5223
1195 2552 1240 2575 en
1256 2543 1303 2583 bij
1320 2540 1783 2585 D'thery‚Spicileyium‚

544 2595 627 2629 deel
646 2596 695 2635 ΙΙ,
717 2596 786 2631 blz.
804 2597 880 2629 491.

877 2715 940 2758 27
987 2708 1124 2773 (95⁵).

209 2842 459 2889 1235-1236,
494 2841 741 2899 Kamerzjk
773 2855 828 2885 en
860 2843 1030 2885 andere
1061 2843 1288 2897 plaalsen.
1327 2843 1566 2886 Uittreksel
1594 2844 1657 2887 uit
1681 2856 1786 2886 eene

150 2908 579 2966 vijftiendeeuwsche
621 2910 794 2967 kr‹›nijk
835 2925 918 2954 van
959 2911 1236 2954 Vlaanderen
1268 2925 1373 2954 over
1408 2912 1460 2955 de
1492 2913 1786 2968 handelingen

149 2991 234 3021 van
277 2977 360 3021 den
393 2979 664 3036 pauselijken
700 2979 959 3035 inquisiteur
992 2980 1158 3024 Robert
1190 2984 1234 3024 te
1267 2982 1491 3038 Kamerijk
1527 2996 1577 3025 en
1626 2983 1668 3025 in
1714 2982 1790 3024 het
