2050 3470
337 326 397 361 196
1025 321 1162 355 ANNO
1190 321 1272 355 1400

1002 489 1096 532 123
1121 483 1291 546 (247⁴).

387 621 508 671 1409,
533 617 791 675 September
812 621 880 670 30,
907 617 1094 661 Keulen.
1137 617 1246 660 Acte
1271 630 1355 659 van
1379 616 1461 659 den
1486 616 1759 673 pauselijken
1783 615 1961 672 inquisi-

327 696 425 735 teur
446 685 733 748 Gyselbertus
757 690 808 732 de
843 689 1043 745 Trajecto
1074 688 1276 732 Inferiori
1309 688 1546 746 (Utrecht),
1584 687 1803 744 professor
1835 688 1878 730 in
1911 688 1964 731 de

325 759 689 817 godgeleerdheid
722 761 766 802 te
798 759 967 801 Keulen
992 772 1044 800 en
1070 756 1336 814 provinciaal
1361 757 1438 799 der
1461 757 1793 813 predikheeren,
1819 769 1963 800 waar-

323 833 378 890 bij
403 832 461 889 hij
488 832 630 888 zijnen
657 829 966 874 medebroeder
987 829 1122 873 Jacob
1146 829 1197 872 de
1219 828 1375 873 Susato
1407 829 1568 886 (Soest)
1600 832 1667 872 tot
1699 828 1963 883 inquisiteur

322 900 513 944 aanstelt
546 899 589 942 in
621 899 674 942 de
707 898 971 942 bisdommen
1004 899 1192 949 Keulen‚
1220 897 1419 948 Utrecht,
1445 897 1662 947 Munster,
1689 895 1959 948 Osnabruck,

322 971 515 1022 Minden,
543 972 726 1014 Bremen
766 985 818 1013 en
853 969 1119 1014 Paderborn.
1142 969 1378 1024 —Gevolg
1410 968 1609 1024 gevende
1640 982 1723 1010 aan
1756 967 1960 1012 eene‘bul

321 1055 406 1084 van
440 1041 678 1097 Gregorius
702 1041 782 1092 XI,
820 1038 999 1096 waarbij
1033 1039 1132 1081 hem
1165 1038 1344 1082 bevolen
1380 1051 1472 1080 was
1506 1036 1588 1093 vijf
1615 1037 1896 1093 inquisiteurs
1917 1037 1961 1080 in

321 1109 374 1152 de
406 1109 614 1153 Duitsche
646 1109 806 1152 landen
839 1113 883 1152 te
916 1108 1157 1151 benoemen
1180 1106 1261 1165 (l),
1289 1106 1413 1150 duidt
1448 1106 1509 1164 hij
1547 1105 1680 1150 Jacob
1717 1119 1800 1149 van
1835 1106 1961 1150 Soest

321 1192 427 1221 voor
444 1178 495 1220 de
512 1177 851 1234 bovengemelde
873 1176 1141 1219 bisdommen
1164 1189 1263 1225 aan,
1291 1189 1348 1219 na
1370 1175 1452 1217 den
1477 1174 1581 1218 raad
1600 1175 1891 1231 ingewonnen
1915 1177 1960 1218 te

321 1246 490 1290 hebben
514 1261 600 1290 van
634 1246 1003 1290 onderseheidene
1035 1244 1374 1302 godgeleerden.
1411 1243 1490 1301 (De
1513 1243 1682 1287 notaris
1704 1243 1848 1287 Simon
1871 1257 1957 1288 van

320 1316 510 1372 Oudorp,
537 1317 725 1372 priester
748 1329 830 1359 van
864 1315 940 1358 het
964 1315 1209 1358 Utrechsch
1241 1313 1424 1365 bisdom,
1461 1313 1597 1356 stelde
1631 1313 1682 1356 de
1705 1316 1800 1356 acte
1825 1327 1878 1370 op
1903 1327 1958 1356 en

320 1385 469 1428 deelde
493 1399 541 1428 er
563 1385 614 1427 de
638 1399 796 1428 namen
819 1384 896 1427 der
918 1384 1125 1440 getuigen
1149 1383 1191 1426 in
1216 1382 1372 1440 mede).

360 1476 659 1511 Instrumentccm
675 1477 873 1510 creacz'onis
888 1477 1113 1520 inquisitoris
1129 1474 1284 1509 heretice
1300 1475 1514 1519 pravitatis.

360 1533 578 1566 Venerabili
594 1533 633 1564 in
660 1532 808 1565 Christo
838 1533 937 1573 patri
962 1532 1104 1565 Jacobo
1132 1532 1177 1564 de
1196 1531 1342 1571 Susato,
1373 1532 1419 1563 de
1436 1530 1631 1572 provincia
1648 1529 1824 1571 Saxonie‚
1849 1536 1956 1563 sacre

317 1587 510 1631 theologie
538 1588 757 1629 professori,
789 1587 931 1619 ordinis
956 1588 1119 1619 fratrum
1144 1587 1440 1628 predicatorum,
1477 1586 1599 1618 frater
1635 1584 1880 1627 Gyselbertus
1908 1585 1954 1617 de

317 1643 492 1684 Trajecto
507 1642 699 1681 Inferiori‚
715 1643 885 1683 ejusdem
900 1642 1055 1681 ordinis,
1075 1642 1181 1683 prior
1205 1641 1447 1683 provincialis
1473 1640 1667 1682 provincie
1685 1639 1898 1672 Theutonie
1911 1648 1955 1672 ac

316 1697 484 1731 heretice
508 1698 705 1739 pravitatis
733 1698 948 1738 inquisitor,
975 1697 1135 1729 salutem
1159 1697 1197 1728 in
1216 1698 1370 1729 auctore
1395 1696 1497 1736 fidei,
1524 1696 1562 1729 et
1589 1695 1776 1728 mandatis
1801 1695 1953 1735 nostris,

316 1762 441 1794 ymmo
460 1753 584 1785 verius
601 1752 831 1794 apostolicis,
846 1751 1042 1784 humiliter
1056 1752 1223 1785 obedire.

362 1809 524 1841 Litteras
553 1808 778 1840 sanctissimi
803 1807 841 1839 in
870 1807 1018 1839 Christo
1044 1807 1162 1848 patris
1187 1816 1229 1839 ae
1258 1807 1400 1839 domini
1436 1806 1556 1839 nostri
1581 1806 1724 1838 domini
1763 1805 1952 1848 Gregorii,

317 1864 443 1895 divina
458 1863 700 1904 providencia
717 1871 812 1904 pape
827 1862 1030 1902 undecimi,
1050 1863 1131 1903 ejus
1148 1871 1238 1894 vera
1251 1862 1355 1894 bulla
1368 1861 1546 1903 plumbea
1562 1870 1647 1894 eum
1664 1860 1821 1893 cordula
1846 1869 1954 1893 cana-

316 1917 373 1959 pis
387 1926 491 1949 more
506 1917 677 1949 Romane
691 1917 795 1949 curie
808 1917 1029 1957 impendenti
1046 1916 1221 1956 bullatas,
1241 1925 1350 1949 sanas
1368 1917 1406 1948 et
1422 1916 1592 1958 integras
1610 1925 1654 1948 66
1671 1915 1774 1948 0111111
1798 1924 1954 1957 prorsus

316 1972 411 2004 vicio
426 1973 464 2004 et
476 1972 689 2013 suspicione
704 1972 891 2006 carentes,
910 1981 976 2003 nos
1001 1980 1086 2003 cum
1103 1980 1148 2004 ea
1165 1980 1239 2012 qua
1267 1971 1393 2004 decuit
1419 1971 1641 2004 reverencia
1668 1970 1858 2013 recepisse
1890 1979 1953 2003 no-

320 2027 460 2067 veritis,
480 2036 638 2068 quarum
653 2028 763 2059 tenor
776 2027 947 2068 sequitur
960 2027 999 2058 in
1017 2026 1087 2059 1166
1101 2027 1216 2059 verba
1231 2036 1238 2059 :

362 2082 568 2124 Gregorius
593 2082 803 2123 episeopus,
820 2091 948 2114 servus
963 2091 1159 2114 servorum
1178 2081 1258 2120 Dei,
1281 2082 1354 2114 ete.
1367 2080 1413 2121 (2)

363 2138 440 2171 Nos
468 2138 599 2180 igitur,
625 2138 744 2170 dictas
768 2137 916 2170 litteras
945 2136 1170 2178 apostolicas
1196 2138 1308 2179 atque
1332 2137 1510 2169 mandata
1537 2136 1576 2168 in
1597 2136 1689 2178 ipsis
1717 2137 1824 2169 nobis
1847 2137 1950 2171 facta

317 2193 486 2225 volentes
499 2194 721 2225 reverenter
733 2193 881 2233 exequi,
898 2194 939 2225 ut
953 2194 1139 2232 tenemur,
1155 2202 1231 2233 vos,
1247 2193 1293 2225 de
1311 2193 1417 2233 eujus
1434 2193 1652 2234 ydoneitate
1665 2193 1703 2226 et
1716 2192 1801 2225 aliis
1817 2193 1953 2225 eondi-

318 2248 489 2280 eionibus
517 2247 555 2279 in
573 2247 682 2279 dictis
700 2247 838 2279 litteris
862 2247 1079 2288 apostolicis
1103 2247 1292 2289 expressis
1308 2247 1460 2289 plenam
1485 2248 1697 2280 obtinemus
1720 2248 1760 2279 in
1789 2248 1949 2281 Domino

319 2303 509 2343 fiduciam,
524 2303 645 2344 deque
663 2302 819 2334 consilio
834 2303 871 2334 et
884 2311 1039 2335 assensu
1055 2303 1351 2335 reverendorum
1367 2303 1637 2345 magistrorum
1650 2302 1951 2344 licenciatorum,

318 2357 617 2390 baccalariorum
641 2357 679 2389 in
704 2366 810 2389 sacra
827 2356 1022 2399 theologia
1039 2366 1081 2390 ac
1106 2357 1268 2389 aliorum
1291 2358 1453 2390 fratrum
1477 2357 1788 2399 subscriptorum,
1814 2358 1947 2391 tenore

317 2413 563 2454 presentium,
589 2412 814 2444 auctoritate
832 2411 1039 2453 apostolica
1067 2412 1173 2444 nobis
1202 2412 1241 2444 in
1258 2411 1328 2444 hac
1352 2414 1460 2453 parte
1485 2412 1713 2453 specialiter,
1732 2413 1773 2445 ut
1788 2412 1949 2454 predici-

317 2470 391 2509 tur,
410 2468 620 2506 commissa,
637 2468 681 2500 de
700 2467 808 2499 dictis
823 2468 987 2508 quinque
1005 2467 1304 2508 inquisitoribus,
1319 2468 1495 2508 quartum
1514 2468 1553 2499 in
1575 2468 1707 2501 ordine
1723 2468 1763 2500 in
1780 2468 1947 2510 dyocesi-

315 2523 397 2562 bus,
435 2523 660 2562 eivitatibus,
697 2523 831 2554 castris
870 2524 908 2555 et
942 2522 1041 2554 villis
1081 2522 1309 2563 Coloniensi,
1347 2523 1596 2564 TraJ'ectensi‚
1638 2523 1945 2563 Monasteriensi,

318 2577 641 2620 Osnabruggensi,
659 2577 869 2618 Myndensi,
896 2577 1093 2609 Bremensi
1111 2579 1149 2610 et
1167 2577 1472 2610 paderburnensi
1496 2577 1761 2619 inquisitorem
1777 2579 1945 2619 sepefate

315 2632 510 2672 pravitatis
526 2631 694 2663 heretice
711 2631 880 2671 facimus,
900 2631 1132 2664 instituimus
1149 2628 1325 2664 ae'eciam
1343 2632 1579 2672 deputamus,
1605 2632 1644 2664 in
1660 2632 1799 2665 virtute
1816 2633 1944 2665 sanc-te

316 2686 547 2726 obediencie,
588 2686 811 2718 auctoritate
855 2695 927 2727 qua
966 2695 1091 2727 supra,
1118 2686 1287 2718 districte
1322 2686 1426 2718 vobis
1461 2686 1690 2728 precipimus
1725 2687 1947 2719 mandantes

316 2741 490 2782 quatinus
509 2740 725 2782 hujusmodi
749 2741 1008 2782 inquisicionis
1033 2741 1211 2781 officium,
1227 2742 1326 2782 quod
1350 2741 1389 2773 in
1405 2741 1616 2774 remedium
1631 2742 1844 2775 vestrorum
1861 2751 1948 2784 pec-

314 2796 501 2828 caminum
532 2796 777 2838 inJ'ungimus,
803 2795 998 2828 humiliter
1025 2797 1063 2828 et
1089 2796 1223 2828 devote
1251 2795 1476 2837 suscipiatis,
1494 2796 1692 2838 ipsumque
1715 2797 1757 2830 in
1780 2796 1942 2840 singulis

355 2916 403 2958 (1)
427 2916 537 2948 Ditis
555 2890 720 2949 wellieht
732 2915 778 2949 de
795 2915 858 2948 bul
885 2925 956 2949 van
980 2917 1021 2949 23
1045 2915 1124 2949 Juli
1153 2915 1249 2953 1372.
1279 2925 1449 2959 gegeven
1484 2916 1521 2949 te
1551 2916 1941 2951 villeneuve-lez-Avi-

311 2979 424 3013 gnon.
442 2971 518 3010 (Zie
538 2969 687 3013 Corpus,
707 2970 790 3004 deel
807 2970 837 3012 1,
857 2970 925 3004 blz.
943 2970 1102 3012 222-224,
1117 2977 1155 3003 nr
1173 2971 1264 3013 215).

351 3026 395 3066 (2)
420 3025 500 3059 Van
517 3025 562 3059 de
578 3025 787 3068 pauselijke
801 3025 865 3058 bul
882 3026 1034 3060 worden
1051 3025 1174 3060 alleen
1187 3026 1275 3060 deze
1292 3027 1470 3061 woorden
1486 3034 1670 3071 gegeven.
