2050 3470
313 287 376 320 172
996 289 1133 324 ANNO
1159 290 1241 323 1397

316 399 412 431 dono
431 400 468 431 et
490 398 620 441 gracia
643 399 697 432 sic
712 399 841 433 viuere
864 399 1114 442 inspiraverit.
1142 401 1233 434 Cum
1256 411 1324 444 per
1339 402 1520 436 nonnulla
1536 403 1706 445 tempora
1721 402 1782 436 1110
1798 403 1929 437 modus

315 454 463 486 viucndi
481 454 519 486 in
536 463 732 488 commune
749 456 787 488 in
801 457 929 488 sancta
945 455 1104 489 ecclesia
1119 458 1357 491 continuatus
1374 458 1458 498 fuit,
1470 458 1780 499 quemadmodum
1796 467 1928 500 reper-

312 510 389 540 tum
417 510 474 541 cst
490 509 608 541 eciam
625 519 742 551 usque
768 520 865 543 nunc
888 520 956 553 per
983 511 1128 553 aliquos
1144 512 1325 545 diuinitus
1352 513 1567 556 inspiratos,
1582 514 1619 546 et
1648 513 1747 546 hunc
1777 514 1928 547 modum

313 563 467 595 viucndi
492 565 749 598 continuatum
781 566 896 598 fuisse
920 567 1039 599 eciam
1066 568 1172 600 extra
1198 566 1435 610 religionem,
1467 569 1509 600 ut
1534 569 1638 610 patet
1659 568 1753 601 vitas
1776 570 1926 611 patrum

313 619 577 658 perscrutanti,
606 620 704 652 unde
735 620 908 654 mirabile
932 622 989 654 est
1011 622 1215 663 reprobare
1247 623 1424 664 tanquam
1447 622 1667 663 hereticum,
1686 623 1784 665 quod
1821 624 1870 656 sit
1904 633 1927 658 a

311 673 458 705 Christo
486 674 684 707 fundatore
709 677 746 708 ct
776 676 991 710 institutore
1015 677 1112 720 legis
1142 679 1269 710 nostre
1293 679 1448 719 eiusque
1472 678 1664 720 discipulis
1692 679 1926 721 posterisque

307 728 444 760 sanctis
467 727 638 770 pluribus
654 731 822 772 patribus
840 732 1010 774 exemplo
1028 733 1144 774 ipsius
1163 733 1312 774 Christi,
1331 734 1436 766 cuius
1453 734 1572 766 omnis
1597 734 1694 767 actio
1718 734 1846 767 nostra
1868 734 1926 767 est

305 783 515 822 instructio,
541 785 604 826 qui
629 786 747 819 eciam
772 785 841 819 hoc
864 788 944 830 egit
960 797 1034 820 non
1062 790 1218 830 propter
1234 798 1286 830 se,
1305 789 1369 822 sed
1385 790 1426 822 ut
1453 790 1560 822 nobis
1583 789 1742 831 posteris
1764 790 1925 822 formam

301 837 408 870 daret
421 838 582 871 viuendi.
600 839 848 874 Obseruatum
866 843 934 882 est,
946 843 988 874 ut
1001 851 1070 884 pcr
1085 842 1250 886 allegata
1261 844 1376 885 patet,
1386 843 1484 884 quod
1497 844 1615 877 eciam
1631 852 1699 886 per
1710 844 1795 885 J'ura
1807 843 1845 876 et
1856 851 1924 885 per

307 894 479 926 doctores
496 896 739 936 perfectionis
755 905 837 930 esse
853 898 1027 931 censetur
1040 899 1077 931 et
1093 899 1199 932 cuius
1215 899 1428 941 oppositum
1443 907 1490 932 ex
1513 898 1786 941 inperfectione
1802 897 1923 931 solum

301 948 494 982 hominum
517 951 711 992 processit,
729 961 854 993 ymmo
879 953 977 994 quod
995 962 1016 986 a
1039 953 1210 995 pluribus
1226 953 1460 996 philosophis
1476 954 1657 986 dictatum
1673 954 1728 987 est
1752 961 1833 986 esse
1849 953 1921 986 vir-

301 1004 462 1044 tuosum,
488 1007 530 1037 ut
553 1014 599 1038 ex
623 1006 732 1039 dictis
755 1008 869 1048 patet,
903 1009 1083 1050 numquid
1100 1008 1171 1042 hoc
1194 1009 1243 1041 sit
1259 1009 1297 1042 in
1315 1009 1461 1042 ruinam
1478 1009 1648 1042 doctrine
1664 1007 1868 1042 christiane
1884 1008 1922 1041 et

300 1058 486 1092 bonorum
517 1064 693 1095 morum?
717 1062 875 1095 Videtur
897 1073 965 1105 pro
990 1065 1092 1097 certo
1121 1073 1235 1106 super
1266 1064 1337 1097 hoc
1370 1064 1536 1106 plurium
1562 1073 1584 1097 a
1600 1063 1774 1097 fidelibus
1790 1063 1919 1096 aduer-

301 1114 466 1146 tendum.
493 1114 542 1147 Et
572 1116 603 1147 si
633 1117 790 1157 dicatur,
809 1118 908 1159 quod
932 1118 1003 1152 iste
1026 1119 1157 1152 modus
1181 1119 1335 1152 uiuendi
1363 1119 1613 1151 communiter
1635 1117 1858 1160 prohibetur
1880 1117 1921 1150 in

300 1170 573 1212 extrauagante
589 1170 725 1204 Sancta
748 1171 934 1213 Romana,
953 1174 1051 1206 istud
1067 1184 1140 1207 non
1156 1173 1268 1214 valet,
1287 1164 1376 1216 quia
1392 1174 1444 1207 ibi
1461 1183 1535 1207 non
1552 1174 1775 1216 reprobatur
1789 1173 1920 1206 viuere

297 1225 556 1265 communiter,
582 1226 807 1268 simpliciter
829 1229 867 1261 et
883 1237 950 1270 per
966 1238 1018 1269 se,
1045 1229 1133 1270 quia
1155 1230 1244 1262 tunc
1267 1230 1406 1271 ubique
1431 1230 1530 1262 esset
1546 1229 1801 1271 reprobatum,
1819 1228 1919 1270 quod

296 1279 502 1322 aduersarij
523 1290 597 1314 non
617 1283 838 1323 concedunt,
864 1284 929 1317 sed
946 1284 1186 1324 coniunctim,
1207 1284 1352 1318 scilicet
1367 1294 1451 1317 cum
1468 1284 1763 1325 circumstancijs
1778 1283 1918 1316 ibidem

295 1335 428 1376 positis
444 1335 621 1369 videlicet
644 1347 728 1370 cum
745 1337 929 1372 electione
946 1339 1079 1382 regule
1096 1340 1314 1382 superioris,
1339 1339 1470 1373 habitu
1494 1348 1592 1372 noue
1615 1338 1824 1381 religionis,
1844 1347 1917 1380 que

295 1399 513 1432 presumere
538 1401 612 1424 non
635 1391 725 1426 licet
749 1393 830 1426 sine
857 1394 1081 1427 auctoritate
1104 1395 1338 1436 superioris3
1364 1395 1428 1427 sed
1449 1394 1578 1427 viuere
1602 1394 1850 1427 communiter
1875 1394 1916 1426 in

293 1444 472 1478 societate
495 1446 695 1479 caritatiua
711 1448 850 1489 absque
866 1448 1029 1482 factione
1052 1449 1250 1491 religionis
1266 1448 1328 1482 uel
1345 1448 1494 1492 collegij
1524 1448 1586 1482 uel
1611 1449 1817 1481 conuentus
1840 1458 1915 1481 non

292 1499 515 1541 prohibetur
540 1509 610 1534 nec
637 1503 761 1543 potest
790 1502 994 1545 prohiberi,
1024 1504 1112 1545 quia
1139 1503 1211 1537 hoc
1242 1505 1340 1537 esset
1367 1505 1498 1537 contra
1519 1503 1802 1545 Jnstitucionem
1825 1503 1914 1537 fidei

294 1555 434 1595 nostre,
459 1556 501 1588 ut
517 1564 563 1589 ex
592 1555 766 1599 allegatis
782 1557 1044 1600 multipliciter
1061 1559 1261 1592 deductum
1289 1559 1356 1591 est.
1384 1559 1432 1592 Et
1459 1558 1573 1591 istum
1595 1558 1747 1591 modum
1761 1558 1914 1591 viuendi

295 1611 544 1644 communiter
571 1612 711 1653 absque
738 1613 902 1646 factione
930 1615 1137 1647 conuentus
1160 1613 1219 1647 vel
1246 1613 1396 1657 collegij
1416 1614 1576 1657 tangunt
1599 1613 1719 1646 eciam
1741 1613 1913 1647 doctores

290 1665 385 1706 Juris
402 1666 440 1698 in
453 1665 624 1708 pluribus
640 1667 734 1700 locis
749 1678 758 1709 ;
775 1668 874 1701 unde
889 1669 1187 1703 Archidiaconus
1206 1670 1279 1711 xvj.
1299 1679 1335 1711 q.
1349 1669 1373 1702 i.
1394 1678 1425 1702 c.
1452 1668 1622 1702 Decimas
1637 1668 1803 1702 tractans
1817 1668 1912 1701 illud

291 1720 445 1753 dubium
462 1722 560 1762 quod
576 1723 705 1756 mouet
732 1723 947 1756 Bernardus
974 1724 1013 1756 in
1041 1723 1149 1767 glosa
1171 1733 1284 1767 super
1307 1734 1340 1757 0.
1365 1733 1473 1768 quem
1502 1724 1527 1756 i.
1557 1724 1676 1757 extra.
1705 1723 1752 1756 de
1773 1723 1851 1756 vita
1873 1724 1912 1757 et

288 1774 484 1809 honestate
514 1776 750 1818 clericorum,
776 1779 957 1819 numquid
987 1778 1118 1812 clerici
1142 1780 1392 1813 communiter
1415 1779 1584 1813 viuentes
1601 1777 1741 1811 habent
1756 1778 1910 1820 priuile-

287 1831 393 1872 gium
417 1832 517 1873 quod
544 1833 688 1874 possint
711 1834 756 1866 ab
779 1835 954 1876 episcopo
983 1834 1129 1867 absolui
1157 1844 1270 1876 super
1293 1835 1496 1868 iniectione
1522 1842 1701 1867 manuum
1729 1832 1907 1873 inuicem,

288 1884 487 1928 distinguit
503 1887 548 1920 de
578 1887 725 1921 clericis
742 1890 991 1922 communiter
1020 1890 1234 1923 viuentibus
1260 1900 1334 1923 non
1357 1898 1425 1932 per
1446 1889 1598 1922 modum
1614 1887 1820 1921 conuentus
1843 1887 1908 1920 aut

288 1939 453 1983 collegij‚
468 1942 509 1974 ut
525 1943 578 1975 sic
594 1944 792 1977 veritatem
806 1943 943 1977 habeat
956 1945 1083 1987 opinio
1100 1945 1302 1979 contraria.
1321 1945 1368 1978 Et
1384 1945 1437 1977 sic
1459 1944 1551 1977 facit
1566 1952 1649 1977 eam
1665 1944 1760 1976 bene
1773 1943 1819 1975 ad
1835 1941 1906 1975 11οο

284 1993 351 2027 1113
375 1996 626 2040 extrauagans
654 1998 767 2032 Recta
789 2000 901 2039 racio,
921 2009 993 2041 que
1013 2000 1185 2033 concedit
1199 1999 1276 2032 illis
1293 1999 1475 2042 Beghinis
1491 1998 1603 2031 simul
1618 1998 1760 2038 viuere,
1777 1999 1815 2031 et
1831 2007 1905 2031 11011

286 2050 386 2082 0111111
410 2052 534 2092 potest
549 2053 714 2097 intelligi
731 2054 852 2087 solum
868 2055 913 2088 de
933 2055 1123 2088 simultate
1148 2054 1274 2095 locali,
1293 2055 1380 2097 quia
1402 2054 1470 2088 illa
1493 2054 1591 2087 esset
1614 2053 1725 2086 nimis
1740 2052 1904 2095 calump-

288 2106 394 2139 niosa
409 2107 447 2139 et
463 2117 591 2141 amara
607 2109 888 2151 interpretacio,
907 2110 995 2151 quia
1019 2119 1088 2143 1100
1105 2111 1224 2143 0013111
1239 2109 1395 2143 ribaldis
1411 2110 1536 2151 posset
1559 2108 1630 2141 hoc
1645 2107 1764 2141 eciam
1780 2107 1905 2149 prohi-

288 2162 382 2203 beri,
408 2165 445 2197 et
469 2173 560 2207 ergo
577 2163 814 2207 intelligatur
838 2166 884 2198 de
905 2165 1095 2199 simultate
1118 2166 1271 2198 viuendi
1294 2165 1475 2207 predicta,
1501 2163 1644 2197 scilicet
1670 2164 1709 2196 in
1725 2164 1904 2197 societate

289 2218 327 2250 et
365 2219 632 2252 communitate
664 2220 874 2260 caritatiua,
900 2229 972 2262 que
1000 2230 1074 2253 non
1105 2221 1230 2262 querit
1253 2229 1325 2262 que
1356 2229 1423 2253 sua
1453 2221 1551 2259 sunt,
1590 2219 1654 2252 sed
1691 2219 1905 2252 communia

288 2273 451 2314 proprijs
476 2274 682 2316 anteponit,
707 2275 753 2308 de
770 2284 842 2316 qua
858 2276 1038 2309 societate
1061 2275 1198 2308 dicitur
1214 2276 1253 2308 in
1266 2275 1408 2317 psalmo
1428 2285 1435 2307 :
1454 2275 1551 2308 Ecce
1568 2283 1679 2316 quam
1700 2274 1840 2307 bonum
1865 2275 1903 2307 et

292 2336 403 2367 quam
419 2329 633 2371 iocundum,
653 2331 723 2363 etc.
741 2331 837 2364 Item
860 2331 1003 2364 Mathei
1019 2332 1147 2372 xviij⁰z
1166 2331 1236 2364 Ubi
1253 2331 1325 2364 duo
1343 2330 1401 2364 vel
1418 2331 1495 2363 tres
1519 2331 1605 2363 sunt
1627 2329 1847 2372 congregati
1861 2329 1902 2362 in

291 2384 442 2416 nomine
458 2393 557 2424 meo,
575 2386 646 2418 etc.
665 2385 762 2418 Item
777 2385 920 2419 Eccles.
938 2387 1012 2428 iiij⁰
1031 2396 1038 2417 :
1064 2386 1195 2419 Melius
1212 2387 1268 2419 est
1285 2386 1376 2418 duos
1393 2394 1474 2419 esse
1497 2384 1608 2418 simul
1636 2393 1747 2426 quam
1761 2393 1902 2427 unum3

290 2439 327 2470 et
340 2438 489 2472 infinita
504 2439 596 2473 talia
612 2441 764 2482 possent
781 2440 939 2483 allegari
953 2452 962 2482 ς
987 2441 1052 2474 sed
1075 2441 1308 2483 superfluum
1320 2441 1451 2483 reputo
1468 2441 1507 2473 in
1523 2440 1593 2473 hac
1608 2439 1764 2473 materia
1785 2439 1900 2482 pluri-

282 2501 384 2525 mum
422 2493 602 2537 allegare,
627 2505 712 2528 cum
746 2496 800 2528 sic
824 2495 992 2528 Christus
1022 2496 1061 2528 in
1092 2505 1159 2529 suo
1186 2496 1286 2529 sacto
1313 2505 1381 2538 per
1403 2505 1443 2529 se
1472 2497 1510 2528 et
1548 2495 1625 2529 suis
1651 2495 1898 2529 sectatoribus

293 2549 547 2592 auctorizavit,
566 2551 607 2583 ut
624 2550 879 2592 supradictum
894 2552 964 2584 est.
978 2568 1019 2574 —
1036 2551 1084 2584 Et
1097 2552 1150 2584 sic
1165 2551 1222 2585 est
1238 2551 1323 2584 finis
1338 2551 1446 2583 istius
1462 2550 1604 2592 scriptj.

629 2635 878 2678 Koninklijke
902 2636 1143 2669 Bibliotheek
1166 2638 1204 2670 te
1228 2635 1255 2669 ’s
1279 2635 1537 2678 Gravenhage,
1562 2635 1631 2669 HS.
1650 2636 1696 2669 X.
1723 2635 1782 2669 101
1809 2635 1892 2678 (Th.

674 2690 752 2732 355)
767 2701 774 2723 z
800 2690 943 2736 Scripta
956 2690 1149 2725 doctorum
1165 2690 1210 2725 de
1222 2689 1584 2735 conyreqacionibus‚
1597 2690 1662 2724 fol.
1679 2689 1792 2724 81-86.

937 2841 1024 2884 112
1066 2835 1237 2899 (2423.

334 2980 453 3031 1397,
483 2977 724 3023 December
743 2981 812 3031 24,
839 2976 1119 3037 (Dikninyen
1136 2979 1192 3035 ἓ).
1214 2977 1402 3035 Gunstig
1419 2977 1590 3023 oordeel
1611 2990 1696 3022 van
1720 2976 1887 3022 Arnold
