2050 3470
303 315 366 349 ‘294
987 308 1124 343 ANNO
1151 309 1236 341 1418

307 426 451 469 possint
465 432 551 457 vere
569 423 607 456 et
624 421 820 455 meritorie
835 420 964 453 multis
977 419 1222 459 secularibus,
1237 420 1351 452 immo
1365 419 1403 452 et
1419 420 1637 461 perfectius,
1656 421 1753 454 sicut
1768 422 1872 464 patet
1888 423 1934 458 de

305 481 473 523 prelatis,
489 479 553 520 qui
578 478 665 510 sunt
689 477 727 509 in
746 477 844 509 statu
870 475 1115 517 perfectionis
1132 475 1341 508 exercende
1359 475 1435 507 tam
1452 476 1614 509 maiores
1632 485 1742 517 quam
1755 478 1933 520 minores,

303 537 400 569 sicut
416 535 501 567 sunt
515 533 648 572 curati,
668 532 781 578 prout
793 530 902 563 multi
920 531 1050 563 tenent
1068 530 1199 561 contra
1215 530 1384 562 sanctum
1409 529 1603 563 Thomam.

347 589 558 623 Secundum
587 586 843 628 corollarium.
876 585 1055 625 Sequitur
1082 585 1258 625 secunde,
1284 585 1382 625 quod
1400 586 1508 618 extra
1534 586 1740 628 religiones
1764 588 1936 621 facticias

302 647 424 688 potest
442 644 577 684 aliquis
595 651 680 675 eum
697 643 781 673 voto
811 640 972 681 simplici
991 639 1047 672 vel
1067 640 1148 672 sine
1165 641 1249 672 voto
1277 639 1522 673 christianam
1546 641 1771 684 religionem
1796 644 1834 676 in
1859 644 1936 676 suis

301 700 489 743 preceptis
507 700 544 731 et
568 696 735 738 consilijs
759 697 927 738 perfecte
952 696 1157 727 obseruare
1177 705 1185 735 ς
1205 696 1241 727 et
1259 695 1385 727 dicere
1403 696 1501 736 quod
1526 696 1601 729 tale
1621 699 1747 730 votum
1760 697 1934 740 simplex,

301 757 331 788 si
350 756 471 793 ficret,
502 754 600 787 esset
617 751 763 785 nullum
792 752 829 784 et
856 760 924 792 pro
954 759 1026 782 non
1045 750 1130 782 voto
1159 750 1314 782 deberet
1342 751 1565 792 computari,
1591 753 1648 784 est
1676 753 1936 794 apertissimus

301 820 410 845 error
426 812 462 843 et
488 810 654 841 insanus.
675 808 735 840 Sic
754 808 879 839 tamen
903 806 975 838 iste
1000 807 1119 838 frater
1141 805 1248 847 ponit
1271 806 1372 839 circa
1388 806 1501 839 finem
1525 808 1562 840 et
1578 808 1618 840 in
1635 808 1710 841 fine
1727 809 1784 841 sui
1804 809 1935 851 scripti

299 866 436 900 ultimi.

346 918 598 952 Corollarium
628 917 796 950 tertium.
828 915 1007 956 Sequitur
1038 914 1166 954 tertio,
1199 914 1298 955 quod
1333 916 1411 947 tota
1450 915 1622 949 doctrina
1660 917 1790 950 fratris
1828 917 1937 950 istius

299 975 475 1008 innititur
502 972 616 1006 stulte
648 973 685 1005 et
713 972 844 1004 insane
876 970 1050 1009 fantasie‚
1076 970 1190 1002 immo
1219 971 1257 1002 et
1286 969 1534 1011 blasphemie.
1552 971 1762 1013 Propterea
1788 973 1939 1005 nonest

299 1030 513 1063 mirandum
529 1029 560 1061 si
574 1028 645 1060 hoc
662 1026 944 1059 inconuenienti
958 1025 1044 1057 dato
1062 1025 1181 1057 multa
1197 1025 1366 1066 posuerit
1383 1027 1420 1057 et
1436 1025 1623 1060 deducere
1640 1029 1795 1060 conatus
1809 1028 1878 1070 est,
1895 1027 1939 1060 ut

299 1086 396 1127 quod
423 1083 591 1126 implicet
619 1080 958 1115 contradictionem
983 1079 1148 1121 aliquem
1165 1079 1210 1112 de
1228 1079 1354 1112 seculo
1373 1090 1527 1114 seruare
1551 1081 1753 1115 consilium
1768 1091 1938 1124 pauper-

297 1141 386 1174 tatis
399 1139 457 1172 vel
472 1138 656 1171 castitatis
673 1138 710 1170 et
727 1136 959 1175 obediencie,
977 1135 1092 1167 immo
1109 1135 1209 1175 quod
1233 1134 1303 1167 hoc
1322 1137 1421 1168 esset
1438 1136 1598 1169 mortale
1616 1138 1812 1178 peccatum
1829 1138 1938 1170 extra

298 1196 504 1238 religiones
522 1194 703 1231 facticias,
722 1201 814 1233 quas
832 1190 930 1223 solas
944 1191 1050 1223 vocat
1068 1199 1176 1222 veras
1193 1190 1413 1232 religiones,
1434 1193 1471 1224 et
1495 1192 1593 1232 quod
1610 1202 1707 1234 papa
1720 1202 1794 1226 non
1810 1194 1936 1235 posset

297 1254 515 1294 dispensare
540 1250 639 1291 quod
663 1248 801 1289 aliquis
826 1247 864 1279 in
889 1245 1015 1280 seculo
1042 1247 1094 1278 sic
1123 1246 1342 1279 observaret
1370 1247 1571 1280 consilium
1597 1249 1844 1290 paupertatis,
1863 1250 1934 1282 ete.

296 1308 344 1341 Et
360 1307 458 1348 quod
487 1306 615 1338 dicens
640 1303 853 1346 oppositum
878 1303 935 1335 est
951 1301 1155 1340 hereticuS,
1182 1311 1251 1334 nec
1267 1301 1368 1334 valet
1391 1303 1488 1335 ratio
1507 1312 1573 1335 sua
1590 1304 1689 1344 quod
1707 1305 1737 1336 si
1755 1305 1936 1338 secularis

295 1363 452 1396 voueret
473 1360 748 1403 paupertatem,
778 1359 910 1400 ageret
928 1358 1058 1389 contra
1081 1356 1175 1389 illud
1200 1358 1420 1398 preceptum
1440 1368 1446 1389 :
1466 1358 1549 1390 Non
1568 1359 1729 1400 occideS‚
1758 1360 1937 1402 quoniam

294 1418 423 1451 multis
436 1417 556 1449 modis
570 1415 725 1456 possunt
738 1412 920 1446 secularis
933 1413 1029 1445 sicut
1043 1413 1080 1444 et
1094 1412 1296 1453 religiosus
1318 1413 1448 1445 viuere
1463 1413 1641 1447 decenter
1654 1415 1692 1447 et
1704 1415 1937 1449 sufficienter

294 1475 333 1506 in
347 1472 535 1505 communi
554 1471 634 1503 sine
650 1469 818 1512 proprio,
837 1469 950 1500 immo
969 1469 1007 1500 et
1024 1467 1119 1499 nihil
1137 1467 1309 1500 habendo
1325 1468 1396 1500 nisi
1413 1467 1563 1501 labores
1576 1478 1755 1502 manuum
1769 1479 1934 1503 suarum.

296 1529 427 1562 Potest
443 1527 557 1560 etiam
575 1525 712 1566 aliquis
729 1525 774 1557 de
793 1523 932 1562 seculo,
951 1523 1048 1555 sicut
1064 1523 1266 1555 confitetur
1283 1523 1321 1555 et
1338 1532 1468 1556 verum
1486 1524 1554 1565 est,
1573 1534 1713 1558 vouere
1730 1525 1938 1559 solenniter

295 1584 507 1617 castitatem
527 1592 535 1622 ς
561 1581 666 1622 patet
689 1580 728 1612 in
754 1578 1024 1612 sacerdotibus.
1045 1576 1120 1609 Cur
1137 1587 1210 1610 non
1230 1577 1408 1610 similiter
1424 1587 1564 1611 vouere
1588 1581 1742 1621 possent
1759 1581 1935 1614 obedien-

293 1639 386 1672 tiam
399 1637 544 1679 prelato
562 1645 628 1668 suo
646 1634 808 1667 seculari
822 1635 859 1666 et
876 1643 960 1666 cum
978 1631 1211 1665 secularibus
1228 1633 1357 1665 viuere
1375 1633 1414 1665 in
1431 1634 1620 1666 communi
1637 1637 1650 1668 2

337 1692 587 1726 Corollarium
615 1691 802 1731 quartum.
835 1689 1014 1729 Sequitur
1041 1688 1188 1728 quarto,
1207 1688 1306 1728 quod
1331 1689 1498 1720 fautores
1524 1689 1562 1721 et
1590 1688 1808 1722 defensores
1824 1690 1933 1722 istius

295 1749 424 1782 fratris
456 1748 543 1779 sunt
574 1745 727 1778 arcendi
760 1753 826 1777 seu
857 1742 1068 1785 repellendi
1108 1743 1157 1781 et,
1192 1743 1265 1775 nisi
1302 1743 1485 1776 desistere
1523 1743 1726 1784 voluerint,
1765 1745 1935 1787 graviter

294 1803 487 1846 puniendi,
508 1802 560 1833 ita
574 1802 700 1834 tamen
718 1800 818 1841 quod
836 1808 909 1831 non
935 1797 1085 1830 laxetur
1114 1798 1231 1830 nimia
1248 1797 1403 1831 licentia
1430 1798 1477 1830 ad
1504 1799 1762 1832 defensionem
1791 1801 1934 1842 Begar-

294 1860 427 1891 dorum
442 1858 479 1890 et
503 1856 767 1899 Beguttarum‚
786 1854 816 1886 si
834 1854 1077 1895 reperiantur
1101 1853 1263 1885 effrenes
1280 1854 1317 1885 et
1341 1852 1501 1885 discholi
1519 1854 1556 1886 et
1573 1854 1783 1887 scandalosi
1800 1855 1839 1887 in
1856 1855 1934 1888 suis

295 1912 633 1950 observationibus,
651 1909 853 1952 presertim
870 1908 909 1940 in
938 1908 1194 1948 contemptum
1211 1907 1445 1948 prelatorum
1473 1917 1627 1940 suorum
1652 1907 1880 1942 secularium
1897 1909 1934 1942 et

294 1968 511 2000 curatorum
527 1966 633 1998 iuxta
649 1966 815 1998 mentem
833 1962 1083 1996 decretalium
1103 1963 1236 1994 contra
1252 1962 1347 1995 tales
1362 1963 1561 1995 editarum.

338 2021 589 2054 Corollarium
621 2020 807 2060 quintum.
842 2018 1021 2058 Sequitur
1052 2017 1195 2057 quinto,
1229 2018 1327 2058 quod
1355 2018 1527 2050 dominus
1567 2018 1695 2051 noster
1721 2027 1831 2060 papa,
1868 2018 1932 2059 qui

294 2077 475 2110 secularis
493 2077 549 2108 est
566 2076 603 2108 et
620 2074 796 2107 similiter
813 2074 870 2106 sui
897 2072 1109 2107 cardinales
1123 2074 1159 2104 et
1177 2072 1327 2114 prelati,
1343 2074 1419 2105 tam
1434 2073 1597 2106 maiores
1614 2074 1691 2106 tam
1704 2073 1870 2106 minores
1887 2073 1933 2106 de

294 2132 434 2172 seculo,
469 2132 606 2164 debent
638 2130 816 2163 celeriter
849 2130 886 2162 et
918 2127 1164 2161 vehementer
1193 2137 1346 2169 operam
1375 2128 1478 2168 dare,
1513 2128 1611 2169 quod
1645 2128 1732 2161 talis
1760 2128 1933 2161 doctrina

293 2188 475 2230 pestifera
492 2196 534 2219 ac
553 2185 773 2227 blasphema
787 2186 899 2225 atque
913 2184 1097 2216 iniuriosa
1110 2183 1164 2216 eis
1179 2184 1392 2225 extirpetur
1403 2183 1636 2216 iudicialiter
1653 2184 1690 2216 et
1702 2183 1867 2226 publice,
1885 2191 1932 2216 ne

294 2244 420 2284 serpat
437 2242 475 2274 in
493 2241 676 2274 maiorem
693 2240 911 2281 perniciem.

337 2296 584 2330 Corollarium
597 2297 758 2328 sextum.
778 2295 955 2335 Sequitur
975 2294 1093 2333 sexto,
1124 2294 1222 2334 quod
1246 2293 1279 2327 si
1297 2294 1428 2326 auctor
1444 2293 1531 2327 talis
1549 2293 1718 2327 doctrine
1742 2302 1827 2326 cum
1855 2292 1932 2325 suis

292 2351 505 2384 fautoribus
534 2351 752 2383 inueniatur
779 2349 954 2391 pertinax
981 2350 1018 2381 et
1042 2357 1238 2390 arrogans,
1268 2349 1305 2380 et
1322 2347 1475 2391 alongo
1502 2350 1672 2390 tempore
1697 2349 1774 2380 tam
1801 2348 1933 2380 contra

292 2406 481 2448 prelatum
510 2415 619 2438 suum
644 2414 756 2446 quam
773 2405 976 2447 magistros
1004 2405 1041 2437 et
1058 2404 1244 2442 doctoreS,
1270 2404 1346 2436 tam
1365 2404 1403 2436 in
1432 2403 1556 2436 verbis
1573 2412 1685 2443 quam
1708 2403 1749 2435 in
1767 2402 1931 2444 scriptis,

293 2461 404 2494 debet
436 2461 490 2494 sic
521 2461 706 2499 attestari,
726 2460 824 2501 quod
856 2469 931 2492 non
960 2459 1097 2492 habeat
1124 2458 1344 2491 facultatem
1369 2459 1551 2492 reddendi
1576 2460 1613 2491 et
1641 2458 1833 2491 deteriora
1848 2466 1931 2499 per-

292 2516 480 2557 petrandi,
496 2516 593 2548 sicut
617 2516 692 2548 iam
717 2515 856 2547 dicitur
884 2514 955 2546 11οο
979 2513 1122 2555 pluries
1147 2513 1282 2545 fecisse
1313 2512 1539 2551 recedend0‚
1570 2512 1714 2545 scilicet
1741 2521 1763 2545 a
1785 2511 1930 2553 prelato

293 2581 359 2603 suo
385 2573 422 2603 et
439 2571 563 2603 iudice
581 2572 618 2603 et
631 2571 908 2610 consequenter
925 2568 1040 2602 semel
1059 2569 1104 2601 ab
1121 2568 1192 2600 hoc
1209 2568 1383 2600 concilio.

335 2626 421 2659 Alia
438 2628 524 2659 sunt
541 2627 586 2659 de
605 2626 739 2659 validis
763 2625 1064 2659 mendicantibus
1089 2625 1126 2657 et
1143 2624 1187 2657 de
1212 2624 1360 2657 actione
1384 2624 1513 2656 contra
1536 2623 1621 2656 iura
1645 2622 1839 2662 canonica,
1859 2629 1931 2662 que

292 2681 453 2714 dimitto.

643 2752 836 2786 Johannes
854 2753 900 2786 de
917 2752 1074 2792 Gerson,
1095 2750 1225 2794 Opera,
1245 2750 1329 2784 deel
1346 2750 1377 2790 I,
1405 2749 1475 2784 blz.
1493 2749 1534 2781 21
1554 2749 1577 2782 S
1591 2766 1631 2772 —
1649 2747 1691 2782 21
1706 2748 1738 2780 Y
1756 2757 1765 2790 ς
1781 2747 1855 2780 ook
1879 2747 1927 2788 bij

684 2807 731 2840 H.
769 2817 840 2840 von
879 2808 943 2840 der
971 2807 1104 2847 Hardt‚
1147 2805 1253 2840 Cone.
1280 2815 1352 2839 000.
1394 2804 1685 2846 θοηεεανιιίεηεε,
1732 2802 1816 2836 deel
1855 2801 1929 2842 III,

688 2862 758 2896 blz.
779 2862 932 2896 115-119.
