2050 3470
278 291 342 324 214
969 285 1105 318 ANNO
1135 284 1219 317 1418

277 398 447 432 articulis
479 397 753 430 connexionem
785 396 823 427 et
858 394 1151 436 dependentiam
1188 393 1329 427 habere
1362 394 1568 426 noscuntur
1588 404 1596 435 3
1631 391 1775 425 directe
1806 393 1920 434 atque

277 455 423 486 sincere
437 453 630 494 profitens,
649 451 721 483 rite
738 459 781 483 ac
794 449 939 481 vtilitcr
956 448 1042 481 illas
1061 458 1143 481 esse
1161 449 1454 490 condempnatas
1467 447 1729 481 conclusiones
1742 449 1920 489 tanquam

280 508 419 542 Christi
446 506 619 539 fidelibus
646 505 829 538 obnoxias
856 505 967 545 atque
992 504 1091 536 dicte
1116 503 1276 537 ecclesie
1296 504 1366 536 Dei
1390 503 1614 543 turbatiuas,
1633 504 1671 536 et
1694 503 1733 535 in
1750 503 1824 536 ista
1846 503 1921 536 fide

278 563 464 597 sententia
481 569 754 603 quemcumque
770 559 921 592 fidelem
937 558 1167 592 catholicum
1181 560 1366 592 viatorem
1380 567 1461 591 esse
1475 559 1602 600 judico
1616 567 1919 600 permansurum,

276 621 311 652 et
330 617 575 661 pertinaciter
593 616 828 649 contrarium
848 616 1076 647 asserentem
1102 616 1185 647 fore
1210 614 1422 647 hereticum
1445 615 1556 647 teneo
1582 615 1619 647 et
1643 622 1770 646 assero
1792 614 1921 647 tenen-

274 672 374 704 dum.
402 670 448 703 Et
473 669 518 702 ad
545 669 764 701 firmitatem
793 670 831 701 et
854 667 1110 700 ostensionem
1136 667 1367 699 sinceritatis
1392 668 1429 699 et
1457 666 1634 708 puritatis
1659 666 1797 705 mentis
1821 675 1919 707 mee,

275 735 418 760 necnon
451 734 546 767 pura
577 726 716 764 mente,
747 724 812 756 sed
837 722 1012 755 simulate
1042 722 1129 754 huic
1160 724 1288 755 sancte
1316 722 1608 764 congregationi
1636 731 1696 754 me
1726 723 1923 756 existimer

274 780 517 818 conformari,
544 779 820 812 anathematizo
848 779 886 810 ct
910 778 1079 811 detestor
1108 786 1238 810 omnes
1268 778 1305 810 et
1333 776 1503 819 singulas
1531 776 1685 810 hereses
1710 778 1748 810 et
1771 786 1921 812 errores

275 836 532 879 predictorum
567 835 825 868 hereticorum
867 833 1230 875 condempnatorum
1268 831 1455 865 Johannis
1491 831 1635 866 Wiclef
1666 833 1705 865 et
1734 832 1921 866 ,Iohannis

275 892 400 926 Huuss
416 900 424 930 ς
443 899 486 923 ac
502 889 722 932 specialiter
740 897 890 922 errores
909 889 1213 930 supradictorum
1239 887 1487 920 articulorum
1511 896 1684 920 meorum
1707 895 1860 928 reuoco,
1884 887 1922 919 et

275 954 423 980 omnem
441 944 555 978 aliam
574 945 741 978 heresim
758 946 796 977 et
810 952 1067 986 quoscumque
1083 943 1178 976 alios
1192 952 1342 976 errores
1356 952 1396 976 se
1409 941 1637 975 extollentes
1651 941 1711 975 vel
1728 942 1920 985 erigentes

273 1006 405 1037 contra
428 1003 465 1035 et
490 1001 672 1034 aduersus
697 999 944 1032 traditionem
969 998 1216 1041 apostolicam
1248 999 1285 1031 et
1314 998 1596 1031 obseruantiam
1624 997 1922 1031 ecclesiasticam

274 1060 389 1092 etiam
404 1056 678 1090 anathematizo
694 1056 732 1088 et
747 1055 915 1087 detestor
929 1054 974 1086 de
989 1054 1108 1096 ipsius
1121 1053 1281 1086 ecclesie
1295 1053 1554 1092 sacramentis,
1570 1052 1753 1094 clauibus,
1767 1062 1920 1087 venera-

275 1116 383 1149 cione
400 1113 616 1146 sanctorum
635 1111 673 1143 et
697 1110 918 1143 eorumdem
944 1108 1194 1150 reliquiarum
1219 1109 1257 1141 et
1281 1107 1621 1150 indulgentiarum,
1648 1109 1861 1151 approbans
1885 1109 1924 1142 et

276 1170 573 1213 approbaturum
590 1175 649 1198 me
667 1165 907 1207 promittens,
926 1165 964 1197 et
982 1164 1080 1196 bona
1097 1163 1170 1196 fide
1186 1163 1362 1204 jurand0‚
1382 1172 1481 1196 nunc
1498 1164 1536 1196 et
1551 1172 1702 1206 semper
1715 1164 1786 1197 Dei
1799 1163 1924 1206 gratia

275 1224 503 1268 cooperante
536 1221 777 1260 sententiam,
808 1220 921 1252 fidem
952 1220 990 1252 et
1021 1218 1285 1251 credulitatem
1317 1220 1446 1251 sancte
1474 1217 1660 1251 catholice
1688 1220 1726 1252 et
1751 1220 1924 1253 Romane

274 1280 434 1315 ecclesie
450 1279 496 1311 de
513 1276 670 1319 prefatis
695 1277 961 1316 seruaturum3
987 1275 1025 1307 et
1047 1275 1132 1315 juro
1158 1283 1226 1316 per
1250 1274 1419 1306 sanctam
1444 1273 1672 1307 Trinitatem
1695 1275 1733 1307 et
1756 1283 1824 1316 per
1853 1273 1925 1307 hec

277 1338 405 1369 sancta
430 1333 499 1367 Dei
525 1331 750 1374 Euangelia,
778 1330 877 1372 quod
903 1331 941 1362 in
966 1330 1141 1362 manibus
1166 1329 1261 1362 meis
1282 1330 1404 1368 teneo,
1431 1337 1491 1361 me
1517 1329 1556 1361 in
1580 1329 1741 1363 veritate
1764 1329 1925 1363 ecclesie

276 1390 463 1425 catholice
479 1396 629 1430 semper
646 1388 684 1419 et
701 1387 782 1419 sine
800 1386 913 1418 dubio
936 1393 1175 1427 permanere,
1194 1386 1231 1417 et
1249 1393 1315 1417 eos
1331 1384 1396 1425 qui
1413 1385 1546 1417 contra
1562 1385 1778 1426 presentem
1801 1392 1925 1416 meam

276 1445 551 1490 professionem
575 1442 750 1475 venerint
776 1450 861 1473 cum
887 1441 1128 1483 dogmatibus
1154 1439 1244 1479 suis,
1271 1442 1402 1472 eterno
1427 1439 1668 1472 anathemate
1689 1439 1826 1481 dignos
1842 1446 1924 1472 esse

275 1500 490 1545 pronuntio.
503 1498 609 1537 Quod
626 1498 656 1530 si
677 1506 748 1539 ego
767 1496 862 1538 ipse,
874 1496 973 1536 quod
990 1495 1100 1534 absit,
1112 1497 1245 1527 contra
1264 1494 1361 1527 hanc
1378 1494 1581 1527 veritatem
1597 1496 1634 1527 et
1651 1493 1928 1527 confessionem

278 1557 480 1600 aliquando
507 1554 610 1587 aliud
634 1553 789 1591 sentire,
817 1553 962 1593 tenere,
988 1552 1185 1593 predicare
1209 1552 1274 1583 aut
1299 1559 1470 1584 asserere
1504 1550 1654 1593 publice
1678 1550 1738 1584 vel
1762 1550 1924 1588 occulte,

276 1614 505 1647 verbotenus
522 1609 579 1643 vel
605 1609 644 1641 in
669 1608 835 1650 scriptis,
861 1616 1141 1650 presumpsero,
1167 1615 1355 1639 canonum
1380 1606 1578 1639 seueritati
1603 1606 1780 1641 subiaceo
1805 1607 1843 1640 et
1865 1615 1926 1640 me

278 1669 474 1702 subiacere
497 1665 624 1708 Judico
650 1664 730 1706 ipso
756 1664 871 1697 facto.
902 1663 949 1695 Et
974 1662 1071 1696 hanc
1099 1662 1377 1695 confessionem
1407 1663 1445 1694 et
1473 1660 1748 1704 obligationem
1770 1661 1925 1704 proprio

276 1724 489 1767 juramento
522 1720 701 1754 vallatam
737 1718 822 1751 volo
855 1718 971 1760 dirigi
1009 1718 1055 1750 ad
1091 1726 1253 1760 regnum
1287 1717 1461 1757 Francie,
1494 1717 1591 1760 regi,
1621 1717 1767 1760 regine,
1801 1717 1925 1750 studio

278 1777 498 1816 Parisiensi‚
532 1775 737 1808 baronibus
773 1779 810 1806 et
843 1772 1177 1806 communitatibus
1215 1772 1414 1804 ciuitatum
1446 1771 1623 1805 videlicet
1660 1772 1926 1814 Tornacensis,

278 1831 518 1871 Morinensis‚
547 1829 830 1863 Cameracensis
855 1831 893 1861 et
915 1827 1196 1861 Attrebatensis
1222 1829 1260 1860 et
1287 1827 1486 1868 opidorum
1514 1827 1924 1869 circumadiacentium‚

277 1889 313 1919 vt
333 1886 404 1919 hoc
421 1887 603 1927 scriptum
620 1886 686 1917 fiat
705 1884 981 1925 sempiternum
1001 1883 1282 1915 munimentum
1299 1881 1388 1914 fidei
1404 1891 1487 1915 mee
1510 1881 1732 1922 orthodoxe,
1751 1882 1790 1915 et
1813 1881 1927 1915 etiam

278 1951 325 1975 ne
339 1941 422 1982 quis
438 1941 487 1973 sit
504 1941 543 1973 in
557 1949 746 1981 quoquam
766 1938 906 1981 angulo
928 1938 1074 1977 mundi,
1093 1939 1158 1979 qui
1175 1938 1312 1970 audeat
1328 1937 1480 1969 nomine
1497 1946 1580 1970 meo
1598 1937 1690 1970 istas
1706 1937 1928 1980 reprobatas

279 2000 316 2031 et
328 1998 427 2039 Juste
441 1997 660 2037 dampnatas
674 2003 743 2036 per
755 1994 827 2026 hoc
841 2003 990 2026 sacrum
1011 1993 1297 2026 Constantiense
1311 1993 1514 2026 concilium
1529 1995 1627 2027 tueri
1640 1995 1704 2027 aut
1717 1995 1928 2037 approbare

279 2051 552 2090 conclusiones,
583 2053 620 2083 et
636 2052 675 2082 vt
692 2050 762 2082 toti
780 2049 1054 2082 christianitati
1073 2047 1329 2090 resplendeat,
1348 2049 1487 2102 nedum
1503 2058 1563 2082 me
1580 2050 1663 2082 istis
1679 2049 1928 2083 conclusioni-

283 2109 350 2140 bus
367 2116 432 2140 seu
457 2106 570 2139 sectis
595 2115 669 2138 non
692 2114 774 2138 esse
799 2104 1023 2146 propitium,
1041 2113 1174 2136 verum
1191 2104 1303 2145 atque
1322 2105 1542 2137 continuum
1557 2106 1640 2138 fore
1657 2106 1929 2148 sempiternum

279 2163 487 2196 inimicum.
502 2161 663 2203 Insuper
680 2159 764 2193 volo
783 2161 821 2193 et
837 2160 1045 2199 consentio,
1065 2168 1159 2201 rogo
1179 2160 1216 2191 et
1237 2160 1393 2192 obsecro
1407 2147 1546 2193 dictam
1562 2169 1685 2193 meam
1701 2161 1927 2203 scripturam

280 2219 489 2252 hereticam
521 2218 558 2250 et
581 2224 781 2249 erroneam
806 2217 844 2248 et
869 2215 1087 2248 seditiosam
1113 2216 1150 2247 et
1175 2215 1324 2256 piarum
1353 2216 1503 2248 aurium
1531 2216 1754 2249 offensiuam
1776 2215 1927 2259 publice

281 2274 465 2307 comburi.
487 2288 502 2301 „

326 2330 381 2363 De
393 2329 529 2371 quibus
543 2328 716 2360 omnibus
730 2328 767 2360 et
780 2325 939 2369 singulis
955 2321 1129 2368 superius
1147 2327 1347 2369 descriptis
1361 2327 1619 2367 reuocatione,
1635 2327 1926 2362 anathematiza-

279 2387 395 2424 tione,
435 2383 698 2422 detestatione,
738 2383 952 2424 juramento
985 2383 1132 2425 prefato
1166 2384 1204 2415 et
1235 2382 1331 2424 alijs‚
1357 2384 1396 2415 vt
1429 2383 1634 2425 prefertur,
1659 2383 1767 2423 actis,
1800 2382 1925 2426 lectis,

282 2439 452 2483 prolatis,
479 2438 748 2481 pronuntiatis,
774 2437 1038 2480 promulgatis,
1062 2439 1100 2470 et
1124 2438 1169 2470 de
1194 2439 1438 2471 reuocatione
1463 2438 1553 2471 dicti
1578 2438 1754 2481 magistri
1777 2436 1925 2472 Nicolai

283 2495 506 2534 Serrurarii‚
534 2503 577 2526 ac
593 2494 639 2526 de
665 2503 709 2526 eo
727 2493 827 2534 quod
845 2493 1038 2534 acquieuit
1062 2494 1248 2526 sententie
1273 2502 1387 2535 supra
1411 2494 1612 2535 descripte,
1629 2493 1865 2527 venerabiles
1889 2496 1928 2528 et

283 2551 548 2592 circumspecti
587 2550 660 2582 viri
699 2549 842 2582 domini
879 2551 917 2581 et
955 2549 1129 2591 magistri
1164 2548 1359 2582 Johannes
1400 2550 1445 2582 de
1485 2548 1683 2589 Wastinia,
1723 2550 1926 2583 canonicus

284 2605 549 2644 Tornacensis,
581 2604 776 2638 Johannes
809 2603 1088 2643 Wachendonc,
1122 2605 1389 2646 procuratores
1420 2605 1556 2637 asserti
1591 2605 1629 2637 et
1662 2605 1925 2646 procuratorio

282 2660 461 2706 [nomine]
490 2659 693 2693 reuerendi
724 2659 763 2691 in
793 2658 942 2693 Christo
971 2660 1090 2701 patris
1118 2660 1261 2692 domini
1287 2659 1486 2699 Johannis,
1517 2659 1768 2692 miseracione
1800 2660 1927 2693 divina

283 2716 452 2759 episcopi
490 2715 756 2754 Tornacensis,
798 2723 840 2747 ac
871 2714 1099 2748 venerabilis
1135 2715 1254 2756 patris
1286 2715 1463 2757 magistri
1496 2715 1604 2747 Petri
1636 2714 1788 2755 Floure,
1821 2724 1928 2749 sacre

281 2771 474 2814 theologie
498 2770 727 2812 professoris
744 2770 1058 2811 inquisitorisque
1085 2769 1254 2803 heretice
1277 2770 1479 2812 prauitatis
1505 2770 1713 2811 antedicti;
1739 2779 1782 2803 ac
1812 2771 1927 2804 etiam

280 2827 474 2861 Johannes
499 2827 545 2859 de
570 2825 757 2868 Poilleyo,
784 2826 823 2858 in
848 2826 1012 2858 decretis
1037 2825 1268 2865 licentiatus,
1294 2828 1498 2868 preceptor
1514 2826 1645 2858 domus
1662 2826 1709 2859 de
1727 2826 1925 2860 Renuerso

283 2881 542 2915 Tauriniensis
559 2881 732 2920 diocesis,
752 2890 774 2913 a
790 2881 1022 2914 monasterio
1039 2882 1159 2914 sancti
1183 2882 1335 2923 Antonij
1355 2881 1581 2914 Viennensis
1605 2881 1766 2914 diocesis
1789 2881 1926 2924 depen-

283 2937 418 2976 dentis,
442 2945 511 2978 pro
536 2937 573 2969 et
598 2937 749 2969 nomine
766 2936 913 2968 abbatis
939 2938 974 2969 et
999 2938 1208 2969 conuentus
1233 2945 1276 2969 ac
1301 2936 1417 2969 totius
1443 2936 1587 2969 ordinis
1612 2936 1732 2969 sancti
1754 2936 1924 2980 Antonij,

281 2994 358 3024 tam
375 2991 605 3024 coniunctim
629 3001 741 3032 quam
766 2992 919 3024 diuisim
936 2992 1128 3034 petierunt
1146 2994 1183 3025 et
1200 2993 1386 3026 instanter
1402 2992 1704 3033 requisiuerunt,
1729 2993 1768 3025 et
1789 3000 1921 3025 eorum
