2050 3470
793 252 930 286 ANNO
959 252 1041 283 141ῑ1
1676 253 1741 287 295

781 412 878 455 136
912 405 1081 470 (254⁶).

163 541 284 593 1419,
312 540 408 583 Mei
427 541 497 592 31,
528 538 767 583 Constanz.
790 539 1130 596 Aanteekening
1153 552 1257 582 over
1289 538 1364 583 het
1397 539 1553 583 vonnis
1587 553 1640 596 op
1665 540 1741 584 het

101 611 340 669 Algemeen
363 608 554 653 Concilie
576 608 727 652 aldaar
749 608 1060 665 uitgesproken
1084 614 1214 665 tegen
1239 608 1321 651 den
1342 609 1606 665 predikheer
1628 609 1742 654 Mat-

102 681 258 726 thaeus
276 678 480 730 Grabow,
503 678 571 721 dic
595 678 646 721 de
669 678 882 721 Broeders
908 692 960 721 θη
987 679 1164 722 Zusters
1186 692 1271 722 van
1290 678 1366 722 het
1389 692 1596 735 gemeene
1615 679 1741 722 leven

102 751 167 795 als
188 750 359 794 ketters
396 748 482 792 had
514 747 833 804 aangeklaagd.
855 772 913 780 —
936 749 995 791 De
1031 748 1259 791 kardinaal
1292 762 1376 792 van
1420 748 1637 805 AquiIeja,
1677 749 1743 792 als

102 820 281 865 rechter
311 819 355 862 in
405 818 468 861 dit
506 817 814 874 kettergeding
849 817 1126 874 aangesteld,
1174 817 1486 861 veroordeelde
1519 817 1743 862 Grabow's

100 888 421 944 verhandeling
437 886 628 930 alsmede
646 886 697 930 de
718 888 772 930 17
797 887 1049 944 stellingen,
1078 887 1144 930 die
1169 901 1217 930 er
1235 887 1277 929 in
1308 890 1463 931 vervat
1487 901 1655 940 waren,
1680 888 1743 931 als

100 960 332 1004 volkomen
354 957 600 1002 kettersch.
636 955 826 1002 Grabow
849 957 915 1000 zal
948 957 1062 1014 zijne
1085 956 1405 1013 verhandeling
1428 971 1482 1001 θη
1506 957 1743 1013 stellingen

101 1031 272 1073 moeten
295 1029 566 1084 herroepen3
609 1039 686 1070 zoo
710 1026 817 1079 niet,
853 1025 938 1069 dan
972 1027 1036 1069 zai
1063 1026 1121 1084 hij
1150 1026 1240 1069 zelf
1266 1029 1331 1070 tot
1355 1026 1503 1071 ketter
1526 1027 1745 1084 uitgeroe-

100 1113 200 1156 pen,
227 1097 413 1154 ontwijd
436 1110 489 1139 en
513 1110 597 1140 aan
619 1095 702 1139 den
727 1095 1031 1152 wereldlijken
1065 1109 1160 1139 arm
1194 1095 1376 1139 worden
1410 1096 1742 1154 overgeleverd.

101 1169 186 1212 Zoo
208 1168 313 1224 lang
337 1167 398 1224 hij
434 1165 554 1218 leest,
586 1166 653 1208 zal
676 1165 736 1222 hij
763 1178 932 1221 geenen
968 1168 1068 1209 voet
1107 1179 1225 1208 meer
1264 1178 1420 1222 mogen
1446 1168 1592 1210 zetten
1626 1165 1668 1208 in
1693 1165 1745 1208 de

102 1237 359 1295 geestelijke
380 1234 603 1293 provincie
625 1249 710 1278 van
733 1234 905 1278 Keulen
939 1248 993 1277 en
1018 1235 1165 1278 vooral
1186 1235 1229 1278 in
1255 1235 1331 1278 het
1352 1234 1518 1279 bisdom
1541 1234 1740 1287 Utrecht,

101 1322 155 1365 op
188 1306 304 1352 straf
321 1320 406 1350 van
429 1304 712 1361 levenslange
736 1305 1093 1361 gevangzetting.
1122 1304 1338 1361 Aanvang
1361 1318 1415 1348 en
1438 1305 1522 1348 slot
1544 1304 1622 1348 der
1645 1318 1746 1348 ver-

101 1376 329 1421 oordeelde
362 1374 680 1431 verhandeling
713 1373 895 1418 worden
928 1387 1196 1430 opgegeven‚
1235 1374 1412 1418 evenals
1445 1374 1498 1418 de
1521 1376 1663 1419 eerste
1691 1388 1744 1418 en

103 1446 155 1491 de
177 1447 335 1491 laatste
357 1445 555 1502 stelling.

147 1525 254 1558 Anno
279 1522 431 1557 Domini
451 1522 549 1563 1419,
575 1522 636 1556 die
649 1521 688 1554 31
709 1521 813 1565 Maii,
838 1531 907 1564 per
931 1521 1163 1556 cardinalem
1183 1521 1507 1565 Aquilegiensem‚
1527 1521 1689 1555 iudicem
1708 1521 1745 1554 in

103 1578 173 1613 hac
190 1588 317 1620 causa,
347 1578 572 1620 dampnatus
600 1579 657 1612 est
687 1578 839 1619 quidam
857 1577 1008 1611 libellus
1026 1579 1063 1611 et
1083 1578 1122 1611 17
1147 1577 1408 1611 conclusiones
1426 1578 1463 1610 in
1482 1586 1526 1611 co
1553 1577 1745 1617 contente,

103 1636 226 1670 editus
257 1644 280 1669 a
304 1635 466 1677 quodam
494 1634 613 1667 fratre
642 1633 791 1667 Matheo
819 1634 866 1667 de
895 1634 1054 1667 Grabow
1087 1634 1231 1666 ordinis
1263 1633 1544 1676 predicatorum
1575 1634 1746 1675 professo

101 1691 307 1724 conventus
324 1689 622 1732 Wismariensis‚
648 1689 755 1732 dyoe.
785 1690 1104 1732 Razeburgensis‚
1134 1689 1327 1732 provincie
1357 1689 1532 1729 Saxonie,
1563 1689 1743 1730 tanquam

102 1745 320 1780 hereticalis
338 1747 376 1779 et
392 1745 558 1779 heresim
588 1745 751 1787 sapiens,
770 1754 965 1787 erroneus,
985 1744 1240 1785 scandalosus,
1267 1745 1485 1784 iniuriosus,
1503 1744 1744 1783 temerarius,

102 1802 414 1845 presumptuosus
427 1802 465 1835 et
477 1801 627 1844 piarum
642 1801 791 1834 aurium
805 1801 1015 1841 offensivus,
1032 1802 1088 1834 set
1107 1802 1143 1834 et
1158 1809 1254 1842 aqua
1271 1801 1446 1843 angustie
1465 1799 1745 1840 sustentandus,

103 1858 221 1891 donec
253 1858 454 1900 appareret
483 1866 529 1890 an
563 1857 601 1889 in
633 1856 717 1890 luce
746 1866 792 1890 an
822 1856 857 1889 in
887 1857 1055 1890 tenebris
1084 1856 1307 1889 ambularet.
1343 1854 1565 1897 Compulsus
1597 1864 1745 1896 quoque

102 1913 314 1955 predictum
333 1912 503 1946 libellum
529 1922 613 1946 eum
642 1913 720 1945 suis
737 1912 1046 1946 conclusionibus
1070 1912 1221 1955 publice
1239 1920 1432 1953 revocare,
1451 1911 1481 1944 si
1499 1911 1544 1944 ad
1562 1911 1745 1944 unitatem

102 1968 263 2002 ecclesie
290 1967 453 2011 eligeret
480 1968 622 2002 redire.
658 1968 696 2001 Si
728 1977 818 2001 vero
852 1978 926 2001 non
956 1966 1147 2011 elegisset,
1182 1967 1448 2010 degradandus
1483 1967 1524 1999 ut
1555 1965 1747 1999 hereticus

102 2025 239 2065 fuerat,
272 2025 310 2057 et
338 2023 492 2057 brachio
522 2023 685 2057 seculari
717 2023 1003 2065 relinquendus.
1033 2023 1165 2056 Eidem
1200 2032 1349 2064 quoque
1380 2022 1489 2054 fratri
1524 2021 1590 2061 M.,
1624 2021 1746 2063 quoad

102 2079 252 2118 vixerit,
286 2079 509 2112 interdictus
542 2081 598 2112 est
630 2088 801 2113 accessus
834 2080 880 2112 ad
912 2079 1145 2121 provinciam
1189 2078 1464 2116 Coloniensem‚
1506 2077 1669 2110 maxime
1701 2076 1747 2110 ad

103 2135 292 2178 dyocesim
305 2134 600 2175 Traiectensem,
619 2135 687 2167 sub
705 2144 803 2177 pena
827 2136 1009 2176 perpetue
1028 2133 1338 2167 incarcerationis
1356 2134 1393 2165 et
1411 2132 1495 2165 aliis
1512 2133 1605 2165 iuris
1623 2132 1744 2174 penis.

148 2190 386 2232 Principium
416 2189 538 2223 libelli
572 2190 642 2222 fuit
676 2189 779 2223 tale:
816 2203 829 2219 α
852 2190 1027 2232 Suppono
1058 2190 1193 2231 primo,
1224 2189 1322 2230 quod
1348 2198 1421 2220 non
1439 2187 1592 2221 intendo
1612 2200 1642 2227 ι),
1662 2187 1747 2220 finis

104 2255 216 2279 vero:
237 2259 252 2272 ιι
271 2245 319 2279 Et
335 2254 403 2288 per
419 2245 490 2278 hoc
514 2246 618 2287 patet
642 2246 838 2287 responsio
858 2245 902 2278 ad
921 2245 1122 2278 decimum.
1144 2260 1159 2272 n
1181 2244 1311 2277 Prima
1336 2243 1503 2277 eiusdem
1521 2241 1641 2276 libelli
1656 2252 1747 2275 con-

105 2300 224 2334 clusio
263 2301 335 2334 fuit
372 2300 464 2334 hec:
494 2300 661 2333 “Nullus
693 2302 816 2343 potest
852 2300 956 2333 licite
992 2302 1030 2333 et
1066 2300 1275 2338 meritorie,
1310 2299 1424 2332 immo
1462 2308 1530 2332 nec
1561 2298 1748 2331 veraciter

105 2357 338 2396 obediencie,
367 2356 602 2398 paupertatis
635 2358 672 2389 et
703 2356 890 2390 castitatis
923 2355 1154 2389 universalia
1186 2354 1347 2388 consilia
1378 2354 1606 2387 coniunctim
1639 2355 1748 2387 extra

105 2420 212 2445 veras
225 2411 432 2454 religiones
460 2411 645 2445 manendo
675 2411 883 2453 adimplere
900 2427 929 2443 n.
963 2411 1107 2444 Ultima
1123 2411 1204 2444 eius
1230 2409 1421 2442 conclusio
1440 2408 1585 2442 seilicet
1611 2409 1651 2441 17
1676 2409 1748 2441 suit

105 2467 202 2500 ista:
233 2481 248 2494 u
274 2467 330 2500 Ex
349 2467 484 2508 quibus
502 2467 684 2508 sequitur,
715 2467 812 2508 quod
850 2467 1021 2509 predicta
1051 2467 1125 2499 tria
1154 2465 1359 2498 Salvatoris
1388 2464 1546 2497 consilia
1576 2465 1663 2496 sunt
1695 2464 1748 2496 ita

104 2521 389 2562 concathenata,
418 2524 471 2562 ut,
502 2522 565 2555 ubi
594 2524 796 2564 paupertas
822 2523 1008 2555 veraciter
1037 2531 1102 2554 scu
1131 2521 1327 2554 meritorie
1361 2521 1563 2561 invenitur,
1598 2521 1744 2562 oportet

106 2578 204 2619 quod
231 2578 442 2611 necessario
469 2577 690 2610 obediencia
703 2579 740 2610 et
757 2578 910 2610 castitas
924 2578 1110 2610 veraciter
1124 2586 1188 2609 seu
1204 2576 1398 2609 meritorie
1416 2575 1670 2608 inveniantur.
1687 2589 1702 2602 -s

458 2647 556 2680 Kon.
592 2646 835 2680 Bibliotheek
869 2648 905 2680 te
939 2646 1107 2686 Brussel,
1144 2646 1216 2678 IIS.
1249 2644 1452 2684 2285-2301,
1486 2643 1552 2676 fol.
1577 2644 1618 2676 35
1643 2653 1689 2677 en
1706 2643 1749 2676 35

503 2711 638 2743 verso3
674 2702 879 2745 asgedrukt
913 2702 961 2743 bij
999 2702 1104 2734 Prof.
1143 2701 1204 2734 W.
1232 2699 1496 2739 Waltenbach,
1535 2697 1749 2732 Matthaeus

504 2756 675 2797 Grabow,
701 2758 739 2790 in
768 2757 834 2791 het
861 2757 984 2791 Neues
1014 2755 1152 2789 Archiv
1180 2755 1248 2789 cler
1269 2754 1510 2798 Gesellsclzczft
1541 2755 1606 2799 fiir
1636 2753 1749 2787 alteo-a

503 2811 686 2846 Deucsclze
723 2811 1078 2852 Gesclaiclztskzmde,
1118 2812 1305 2854 jaargang
1342 2811 1439 2850 1805,
1475 2809 1542 2842 blz.
1583 2809 1748 2848 661-60‘2,

503 2867 643 2901 alwaar
660 2868 710 2909 hij
741 2877 812 2902 o.a.
833 2868 981 2909 schrijft
998 2878 1005 2900 :
1043 2882 1057 2894 u
1079 2867 1145 2900 Bei
1163 2867 1289 2900 dieser
1307 2865 1490 2908 Sachlage
1508 2874 1586 2898 war
1599 2874 1638 2898 es
1655 2874 1749 2908 ganz

503 2923 773 2966 willkommen‚
793 2924 877 2957 dass
907 2924 1012 2956 Proi.
1032 2921 1122 2955 Paul
1152 2922 1353 2963 Fredericq
1380 2920 1480 2954 mich
1499 2919 1749 2953 sreundliehst

505 2979 759 3013 ausmcrksam
779 2978 927 3013 machte
946 2979 1010 3012 auf
1033 2978 1092 3011 die
1119 2976 1318 3012 Briisseler
1336 2977 1408 3011 IIS.
1429 2974 1630 3017 2285-2301,
1650 2984 1746 3008 saec.

1620 3035 1660 3067 17,
