<?xml version="1.0" encoding="UTF-8"?>
<!DOCTYPE html PUBLIC "-//W3C//DTD XHTML 1.0 Transitional//EN"
    "http://www.w3.org/TR/xhtml1/DTD/xhtml1-transitional.dtd">
<html xmlns="http://www.w3.org/1999/xhtml" xml:lang="en" lang="en">
 <head>
  <title>
</title>
<meta http-equiv="Content-Type" content="text/html;charset=utf-8" />
  <meta name='ocr-system' content='tesseract 3.04.00' />
  <meta name='ocr-capabilities' content='ocr_page ocr_carea ocr_par ocr_line ocrx_word'/>
</head>
<body>
  <div class='ocr_page' id='page_1' title='image "./corpusdocumentor02fruoft_0241.png"; bbox 0 0 2050 3470; ppageno 0'>
   <div class='ocr_carea' id='block_1_1' title="bbox 812 251 1749 286">
    <p class='ocr_par' dir='ltr' id='par_1_1' title="bbox 812 251 1749 286">
     <span class='ocr_line' id='line_1_1' title="bbox 812 251 1749 286; baseline 0.003 -3"><span class='ocrx_word' id='word_1_1' title='bbox 812 252 949 284; x_wconf 71' lang='lat' dir='ltr'>ANNO</span> <span class='ocrx_word' id='word_1_2' title='bbox 977 251 1060 284; x_wconf 71' lang='lat'>1418</span> <span class='ocrx_word' id='word_1_3' title='bbox 1688 254 1749 286; x_wconf 66' lang='lat'>211</span> 
     </span>
    </p>
   </div>
   <div class='ocr_carea' id='block_1_2' title="bbox 95 359 1755 3005">
    <p class='ocr_par' dir='ltr' id='par_1_2' title="bbox 104 359 1755 1509">
     <span class='ocr_line' id='line_1_2' title="bbox 113 359 1753 404; baseline 0.001 -10"><span class='ocrx_word' id='word_1_4' title='bbox 113 359 310 394; x_wconf 87' lang='lat' dir='ltr'>Saluatore</span> <span class='ocrx_word' id='word_1_5' title='bbox 335 360 502 393; x_wconf 87' lang='lat' dir='ltr'>dicente:</span> <span class='ocrx_word' id='word_1_6' title='bbox 537 360 657 402; x_wconf 86' lang='lat' dir='ltr'>Super</span> <span class='ocrx_word' id='word_1_7' title='bbox 693 359 912 393; x_wconf 79' lang='lat' dir='ltr'>cathedram</span> <span class='ocrx_word' id='word_1_8' title='bbox 949 361 1069 403; x_wconf 81' lang='lat' dir='ltr'>Moysi</span> <span class='ocrx_word' id='word_1_9' title='bbox 1110 362 1183 394; x_wconf 87' lang='lat' dir='ltr'>etc.</span> <span class='ocrx_word' id='word_1_10' title='bbox 1217 363 1343 394; x_wconf 84' lang='lat' dir='ltr'>omnia</span> <span class='ocrx_word' id='word_1_11' title='bbox 1379 371 1614 404; x_wconf 77' lang='lat' dir='ltr'>quecumque</span> <span class='ocrx_word' id='word_1_12' title='bbox 1648 364 1753 396; x_wconf 78' lang='lat' dir='ltr'>vobis</span> 
     </span>
     <span class='ocr_line' id='line_1_3' title="bbox 111 413 1752 460; baseline 0.002 -12"><span class='ocrx_word' id='word_1_13' title='bbox 111 413 305 458; x_wconf 84' lang='lat' dir='ltr'><strong>[dixerint]</strong></span> <span class='ocrx_word' id='word_1_14' title='bbox 338 416 464 455; x_wconf 84' lang='lat' dir='ltr'>facite,</span> <span class='ocrx_word' id='word_1_15' title='bbox 499 415 603 458; x_wconf 87' lang='lat' dir='ltr'>leges</span> <span class='ocrx_word' id='word_1_16' title='bbox 632 415 810 448; x_wconf 86' lang='lat' dir='ltr'>videlicet</span> <span class='ocrx_word' id='word_1_17' title='bbox 838 416 1031 457; x_wconf 74' lang='lat' dir='ltr'>vti-iusque</span> <span class='ocrx_word' id='word_1_18' title='bbox 1066 418 1281 449; x_wconf 72' lang='lat' dir='ltr'>testamenti</span> <span class='ocrx_word' id='word_1_19' title='bbox 1309 418 1411 450; x_wconf 75' lang='lat' dir='ltr'>velut</span> <span class='ocrx_word' id='word_1_20' title='bbox 1442 423 1619 460; x_wconf 80' lang='lat' dir='ltr'>paternas</span> <span class='ocrx_word' id='word_1_21' title='bbox 1643 428 1752 452; x_wconf 84' lang='lat' dir='ltr'>vene-</span> 
     </span>
     <span class='ocr_line' id='line_1_4' title="bbox 107 471 1754 516; baseline 0.001 -13"><span class='ocrx_word' id='word_1_22' title='bbox 107 472 248 511; x_wconf 82' lang='lat' dir='ltr'><strong>rantes,</strong></span> <span class='ocrx_word' id='word_1_23' title='bbox 282 472 575 513; x_wconf 79' lang='lat' dir='ltr'>supererogatas</span> <span class='ocrx_word' id='word_1_24' title='bbox 606 480 694 504; x_wconf 80' lang='lat' dir='ltr'>vero</span> <span class='ocrx_word' id='word_1_25' title='bbox 723 471 998 504; x_wconf 78' lang='lat' dir='ltr'>ecclesiasticas</span> <span class='ocrx_word' id='word_1_26' title='bbox 1028 474 1207 513; x_wconf 83' lang='lat' dir='ltr'>tanquam</span> <span class='ocrx_word' id='word_1_27' title='bbox 1242 476 1434 505; x_wconf 82' lang='lat' dir='ltr'>maternas</span> <span class='ocrx_word' id='word_1_28' title='bbox 1466 482 1533 514; x_wconf 84' lang='lat' dir='ltr'>pro</span> <span class='ocrx_word' id='word_1_29' title='bbox 1565 473 1754 516; x_wconf 86' lang='lat' dir='ltr'>condigna</span> 
     </span>
     <span class='ocr_line' id='line_1_5' title="bbox 107 525 1754 570; baseline 0.002 -13"><span class='ocrx_word' id='word_1_30' title='bbox 107 525 398 566; x_wconf 74' lang='lat' dir='ltr'>participatione</span> <span class='ocrx_word' id='word_1_31' title='bbox 430 527 766 567; x_wconf 87' lang='lat' dir='ltr'>sacramentorum,</span> <span class='ocrx_word' id='word_1_32' title='bbox 799 527 906 559; x_wconf 85' lang='lat' dir='ltr'>cuius</span> <span class='ocrx_word' id='word_1_33' title='bbox 942 528 1250 569; x_wconf 81' lang='lat' dir='ltr'>participacionis</span> <span class='ocrx_word' id='word_1_34' title='bbox 1293 528 1419 570; x_wconf 82' lang='lat' dir='ltr'>gratia</span> <span class='ocrx_word' id='word_1_35' title='bbox 1456 528 1644 569; x_wconf 84' lang='lat' dir='ltr'>prelibata</span> <span class='ocrx_word' id='word_1_36' title='bbox 1667 531 1754 562; x_wconf 89' lang='lat' dir='ltr'>sunt</span> 
     </span>
     <span class='ocr_line' id='line_1_6' title="bbox 108 579 1753 624; baseline 0.002 -12"><span class='ocrx_word' id='word_1_37' title='bbox 108 579 304 613; x_wconf 78' lang='lat' dir='ltr'>dumtaxat</span> <span class='ocrx_word' id='word_1_38' title='bbox 328 581 428 613; x_wconf 87' lang='lat' dir='ltr'>edita</span> <span class='ocrx_word' id='word_1_39' title='bbox 448 582 691 621; x_wconf 82' lang='lat' dir='ltr'>documenta;</span> <span class='ocrx_word' id='word_1_40' title='bbox 722 582 802 623; x_wconf 87' lang='lat' dir='ltr'>ipse</span> <span class='ocrx_word' id='word_1_41' title='bbox 836 591 983 623; x_wconf 80' lang='lat' dir='ltr'>quoque</span> <span class='ocrx_word' id='word_1_42' title='bbox 1003 583 1216 615; x_wconf 78' lang='lat' dir='ltr'>venerande</span> <span class='ocrx_word' id='word_1_43' title='bbox 1246 583 1412 624; x_wconf 76' lang='lat' dir='ltr'>reliquie</span> <span class='ocrx_word' id='word_1_44' title='bbox 1431 586 1645 615; x_wconf 85' lang='lat' dir='ltr'>sanctorum</span> <span class='ocrx_word' id='word_1_45' title='bbox 1674 585 1753 616; x_wconf 89' lang='lat' dir='ltr'>tan-</span> 
     </span>
     <span class='ocr_line' id='line_1_7' title="bbox 108 636 1751 680; baseline 0.002 -13"><span class='ocrx_word' id='word_1_46' title='bbox 108 644 220 675; x_wconf 86' lang='lat' dir='ltr'>quam</span> <span class='ocrx_word' id='word_1_47' title='bbox 233 636 331 668; x_wconf 89' lang='lat' dir='ltr'>sacri</span> <span class='ocrx_word' id='word_1_48' title='bbox 346 636 590 670; x_wconf 84' lang='lat' dir='ltr'>incitamenta</span> <span class='ocrx_word' id='word_1_49' title='bbox 604 638 729 678; x_wconf 79' lang='lat' dir='ltr'>operis</span> <span class='ocrx_word' id='word_1_50' title='bbox 743 640 780 669; x_wconf 87' lang='lat' dir='ltr'>et</span> <span class='ocrx_word' id='word_1_51' title='bbox 794 637 960 670; x_wconf 80' lang='lat' dir='ltr'>scandali</span> <span class='ocrx_word' id='word_1_52' title='bbox 976 639 1248 680; x_wconf 77' lang='lat' dir='ltr'>presidentium</span> <span class='ocrx_word' id='word_1_53' title='bbox 1266 640 1578 679; x_wconf 77' lang='lat' dir='ltr'>temperamenta,</span> <span class='ocrx_word' id='word_1_54' title='bbox 1595 641 1751 671; x_wconf 82' lang='lat' dir='ltr'>eatenus</span> 
     </span>
     <span class='ocr_line' id='line_1_8' title="bbox 107 690 1752 734; baseline 0.002 -13"><span class='ocrx_word' id='word_1_55' title='bbox 107 690 145 722; x_wconf 81' lang='lat' dir='ltr'>vt</span> <span class='ocrx_word' id='word_1_56' title='bbox 172 690 300 731; x_wconf 87' lang='lat' dir='ltr'>pusilli</span> <span class='ocrx_word' id='word_1_57' title='bbox 318 692 559 724; x_wconf 83' lang='lat' dir='ltr'>scandalizati</span> <span class='ocrx_word' id='word_1_58' title='bbox 586 702 653 733; x_wconf 66' lang='lat' dir='ltr'>per</span> <span class='ocrx_word' id='word_1_59' title='bbox 679 693 793 725; x_wconf 79' lang='lat' dir='ltr'>vitam</span> <span class='ocrx_word' id='word_1_60' title='bbox 817 694 1097 734; x_wconf 64' lang='lat' dir='ltr'>prepositorum</span> <span class='ocrx_word' id='word_1_61' title='bbox 1115 693 1320 734; x_wconf 80' lang='lat' dir='ltr'>reprobam</span> <span class='ocrx_word' id='word_1_62' title='bbox 1340 703 1407 734; x_wconf 75' lang='lat' dir='ltr'>per</span> <span class='ocrx_word' id='word_1_63' title='bbox 1436 696 1652 725; x_wconf 77' lang='lat' dir='ltr'>sanctorum</span> <span class='ocrx_word' id='word_1_64' title='bbox 1671 703 1752 734; x_wconf 81' lang='lat' dir='ltr'>prc-</span> 
     </span>
     <span class='ocr_line' id='line_1_9' title="bbox 107 743 1752 790; baseline 0.002 -14"><span class='ocrx_word' id='word_1_65' title='bbox 107 743 348 778; x_wconf 90' lang='lat' dir='ltr'>decessorum</span> <span class='ocrx_word' id='word_1_66' title='bbox 376 747 650 788; x_wconf 82' lang='lat' dir='ltr'>presidentium</span> <span class='ocrx_word' id='word_1_67' title='bbox 668 748 893 781; x_wconf 86' lang='lat' dir='ltr'>edificentur</span> <span class='ocrx_word' id='word_1_68' title='bbox 912 749 1132 789; x_wconf 59' lang='lat' dir='ltr'>memorias-3</span> <span class='ocrx_word' id='word_1_69' title='bbox 1153 749 1279 789; x_wconf 78' lang='lat' dir='ltr'>itaque</span> <span class='ocrx_word' id='word_1_70' title='bbox 1299 749 1400 780; x_wconf 90' lang='lat' dir='ltr'>sicut</span> <span class='ocrx_word' id='word_1_71' title='bbox 1417 748 1644 790; x_wconf 86' lang='lat' dir='ltr'>presidentis</span> <span class='ocrx_word' id='word_1_72' title='bbox 1660 748 1752 781; x_wconf 88' lang='lat' dir='ltr'>cleri</span> 
     </span>
     <span class='ocr_line' id='line_1_10' title="bbox 107 800 1751 846; baseline 0.001 -13"><span class='ocrx_word' id='word_1_73' title='bbox 107 800 259 834; x_wconf 85' lang='lat' dir='ltr'>malicia</span> <span class='ocrx_word' id='word_1_74' title='bbox 272 802 522 835; x_wconf 83' lang='lat' dir='ltr'>sanctimonia</span> <span class='ocrx_word' id='word_1_75' title='bbox 535 803 847 836; x_wconf 76' lang='lat' dir='ltr'>documentorum</span> <span class='ocrx_word' id='word_1_76' title='bbox 862 813 934 835; x_wconf 87' lang='lat' dir='ltr'>non</span> <span class='ocrx_word' id='word_1_77' title='bbox 950 804 1063 836; x_wconf 81' lang='lat' dir='ltr'>viciat</span> <span class='ocrx_word' id='word_1_78' title='bbox 1077 813 1122 836; x_wconf 80' lang='lat' dir='ltr'>ex</span> <span class='ocrx_word' id='word_1_79' title='bbox 1137 805 1285 846; x_wconf 74' lang='lat' dir='ltr'>prefato</span> <span class='ocrx_word' id='word_1_80' title='bbox 1301 803 1510 837; x_wconf 87' lang='lat' dir='ltr'>Saluatoris</span> <span class='ocrx_word' id='word_1_81' title='bbox 1522 804 1751 842; x_wconf 88' lang='lat' dir='ltr'>testimonio,</span> 
     </span>
     <span class='ocr_line' id='line_1_11' title="bbox 107 856 1753 901; baseline 0.002 -13"><span class='ocrx_word' id='word_1_82' title='bbox 107 856 162 889; x_wconf 87' lang='lat' dir='ltr'>sic</span> <span class='ocrx_word' id='word_1_83' title='bbox 180 865 249 889; x_wconf 85' lang='lat' dir='ltr'>nec-</span> <span class='ocrx_word' id='word_1_84' title='bbox 266 857 474 890; x_wconf 90' lang='lat' dir='ltr'>efficaciam</span> <span class='ocrx_word' id='word_1_85' title='bbox 503 859 841 897; x_wconf 85' lang='lat' dir='ltr'>sacramentorum,</span> <span class='ocrx_word' id='word_1_86' title='bbox 876 859 984 891; x_wconf 87' lang='lat' dir='ltr'>beato</span> <span class='ocrx_word' id='word_1_87' title='bbox 1018 859 1205 901; x_wconf 73' lang='lat' dir='ltr'>Gregorio</span> <span class='ocrx_word' id='word_1_88' title='bbox 1224 860 1483 892; x_wconf 83' lang='lat' dir='ltr'>contestante:</span> <span class='ocrx_word' id='word_1_89' title='bbox 1511 859 1592 899; x_wconf 88' lang='lat' dir='ltr'>Cui,</span> <span class='ocrx_word' id='word_1_90' title='bbox 1618 859 1753 900; x_wconf 85' lang='lat' dir='ltr'>inquit,</span> 
     </span>
     <span class='ocr_line' id='line_1_12' title="bbox 104 911 1753 956; baseline 0.002 -13"><span class='ocrx_word' id='word_1_91' title='bbox 104 911 247 945; x_wconf 89' lang='lat' dir='ltr'>similes</span> <span class='ocrx_word' id='word_1_92' title='bbox 274 911 394 945; x_wconf 87' lang='lat' dir='ltr'>malos</span> <span class='ocrx_word' id='word_1_93' title='bbox 419 913 636 946; x_wconf 80' lang='lat' dir='ltr'>sacerdotes</span> <span class='ocrx_word' id='word_1_94' title='bbox 665 914 842 954; x_wconf 81' lang='lat' dir='ltr'>dixerim,</span> <span class='ocrx_word' id='word_1_95' title='bbox 863 915 933 946; x_wconf 89' lang='lat' dir='ltr'>nisi</span> <span class='ocrx_word' id='word_1_96' title='bbox 953 923 1048 955; x_wconf 85' lang='lat' dir='ltr'>aque</span> <span class='ocrx_word' id='word_1_97' title='bbox 1071 915 1321 956; x_wconf 84' lang='lat' dir='ltr'>baptismatis,</span> <span class='ocrx_word' id='word_1_98' title='bbox 1349 924 1422 955; x_wconf 82' lang='lat' dir='ltr'>que</span> <span class='ocrx_word' id='word_1_99' title='bbox 1452 913 1550 947; x_wconf 82' lang='lat' dir='ltr'>lotos</span> <span class='ocrx_word' id='word_1_100' title='bbox 1568 914 1613 946; x_wconf 90' lang='lat' dir='ltr'>ad</span> <span class='ocrx_word' id='word_1_101' title='bbox 1631 913 1753 947; x_wconf 93' lang='lat' dir='ltr'>celum</span> 
     </span>
     <span class='ocr_line' id='line_1_13' title="bbox 104 967 1755 1010; baseline 0.001 -10"><span class='ocrx_word' id='word_1_102' title='bbox 104 967 252 1010; x_wconf 85' lang='lat' dir='ltr'>dirigit,</span> <span class='ocrx_word' id='word_1_103' title='bbox 278 968 361 1010; x_wconf 89' lang='lat' dir='ltr'>ipsa</span> <span class='ocrx_word' id='word_1_104' title='bbox 377 977 466 1002; x_wconf 79' lang='lat' dir='ltr'>vero</span> <span class='ocrx_word' id='word_1_105' title='bbox 488 969 534 1002; x_wconf 89' lang='lat' dir='ltr'>ad</span> <span class='ocrx_word' id='word_1_106' title='bbox 563 968 710 1002; x_wconf 82' lang='lat' dir='ltr'>cloacas</span> <span class='ocrx_word' id='word_1_107' title='bbox 736 970 856 1002; x_wconf 86' lang='lat' dir='ltr'>effusa</span> <span class='ocrx_word' id='word_1_108' title='bbox 872 970 1088 1003; x_wconf 61' lang='lat' dir='ltr'>descendit?</span> <span class='ocrx_word' id='word_1_109' title='bbox 1115 970 1195 1008; x_wconf 87' lang='lat' dir='ltr'>Qua</span> <span class='ocrx_word' id='word_1_110' title='bbox 1219 970 1256 1002; x_wconf 93' lang='lat' dir='ltr'>in</span> <span class='ocrx_word' id='word_1_111' title='bbox 1275 978 1316 1002; x_wconf 88' lang='lat' dir='ltr'>re</span> <span class='ocrx_word' id='word_1_112' title='bbox 1348 970 1587 1003; x_wconf 83' lang='lat' dir='ltr'>sacerdotum</span> <span class='ocrx_word' id='word_1_113' title='bbox 1605 968 1755 1002; x_wconf 85' lang='lat' dir='ltr'>malicia</span> 
     </span>
     <span class='ocr_line' id='line_1_14' title="bbox 105 1025 1753 1067; baseline 0.001 -11"><span class='ocrx_word' id='word_1_114' title='bbox 105 1025 432 1057; x_wconf 88' lang='lat' dir='ltr'>sacramentorum</span> <span class='ocrx_word' id='word_1_115' title='bbox 457 1026 495 1057; x_wconf 88' lang='lat' dir='ltr'>et</span> <span class='ocrx_word' id='word_1_116' title='bbox 511 1025 786 1057; x_wconf 80' lang='lat' dir='ltr'>sacrificiorum</span> <span class='ocrx_word' id='word_1_117' title='bbox 819 1025 979 1057; x_wconf 77' lang='lat' dir='ltr'>ecclesie</span> <span class='ocrx_word' id='word_1_118' title='bbox 999 1034 1235 1066; x_wconf 85' lang='lat' dir='ltr'>nequaquam</span> <span class='ocrx_word' id='word_1_119' title='bbox 1269 1026 1478 1058; x_wconf 82' lang='lat' dir='ltr'>efficaciam</span> <span class='ocrx_word' id='word_1_120' title='bbox 1497 1025 1655 1067; x_wconf 88' lang='lat' dir='ltr'>impedit</span> <span class='ocrx_word' id='word_1_121' title='bbox 1671 1033 1753 1066; x_wconf 90' lang='lat' dir='ltr'>par-</span> 
     </span>
     <span class='ocr_line' id='line_1_15' title="bbox 105 1079 1755 1122; baseline 0.001 -11"><span class='ocrx_word' id='word_1_122' title='bbox 105 1079 360 1121; x_wconf 90' lang='lat' dir='ltr'>ticipantium,</span> <span class='ocrx_word' id='word_1_123' title='bbox 378 1080 580 1121; x_wconf 87' lang='lat' dir='ltr'>presertim</span> <span class='ocrx_word' id='word_1_124' title='bbox 599 1080 663 1121; x_wconf 89' lang='lat' dir='ltr'>qui</span> <span class='ocrx_word' id='word_1_125' title='bbox 681 1080 839 1121; x_wconf 84' lang='lat' dir='ltr'>prefatis</span> <span class='ocrx_word' id='word_1_126' title='bbox 863 1079 1014 1122; x_wconf 87' lang='lat' dir='ltr'>legibus</span> <span class='ocrx_word' id='word_1_127' title='bbox 1032 1081 1273 1113; x_wconf 82' lang='lat' dir='ltr'>obsecuntur.</span> <span class='ocrx_word' id='word_1_128' title='bbox 1302 1080 1373 1113; x_wconf 89' lang='lat' dir='ltr'>Sed</span> <span class='ocrx_word' id='word_1_129' title='bbox 1394 1081 1552 1122; x_wconf 74' lang='lat' dir='ltr'>prefatis</span> <span class='ocrx_word' id='word_1_130' title='bbox 1572 1080 1755 1112; x_wconf 85' lang='lat' dir='ltr'>doctrinis</span> 
     </span>
     <span class='ocr_line' id='line_1_16' title="bbox 106 1133 1754 1176; baseline 0.001 -10"><span class='ocrx_word' id='word_1_131' title='bbox 106 1133 368 1167; x_wconf 85' lang='lat' dir='ltr'>saluberrimis</span> <span class='ocrx_word' id='word_1_132' title='bbox 383 1144 457 1167; x_wconf 92' lang='lat' dir='ltr'>non</span> <span class='ocrx_word' id='word_1_133' title='bbox 471 1135 722 1174; x_wconf 79' lang='lat' dir='ltr'>obstantibus,</span> <span class='ocrx_word' id='word_1_134' title='bbox 753 1144 912 1176; x_wconf 78' lang='lat' dir='ltr'>quarum</span> <span class='ocrx_word' id='word_1_135' title='bbox 931 1136 1110 1168; x_wconf 84' lang='lat' dir='ltr'>noticiam</span> <span class='ocrx_word' id='word_1_136' title='bbox 1139 1137 1177 1168; x_wconf 86' lang='lat' dir='ltr'>et</span> <span class='ocrx_word' id='word_1_137' title='bbox 1201 1145 1331 1167; x_wconf 84' lang='lat' dir='ltr'>verum</span> <span class='ocrx_word' id='word_1_138' title='bbox 1350 1135 1587 1168; x_wconf 84' lang='lat' dir='ltr'>intellectum</span> <span class='ocrx_word' id='word_1_139' title='bbox 1613 1135 1754 1168; x_wconf 88' lang='lat' dir='ltr'>habere</span> 
     </span>
     <span class='ocr_line' id='line_1_17' title="bbox 106 1189 1753 1232; baseline 0.001 -10"><span class='ocrx_word' id='word_1_140' title='bbox 106 1189 312 1232; x_wconf 87' lang='lat' dir='ltr'>debui‚ego</span> <span class='ocrx_word' id='word_1_141' title='bbox 327 1189 508 1224; x_wconf 86' lang='lat' dir='ltr'>Nicolaus</span> <span class='ocrx_word' id='word_1_142' title='bbox 521 1190 744 1231; x_wconf 82' lang='lat' dir='ltr'>Serrurarij‚</span> <span class='ocrx_word' id='word_1_143' title='bbox 761 1190 981 1223; x_wconf 85' lang='lat' dir='ltr'>Leodiensis</span> <span class='ocrx_word' id='word_1_144' title='bbox 999 1190 1303 1230; x_wconf 82' lang='lat' dir='ltr'>diocesis,frater</span> <span class='ocrx_word' id='word_1_145' title='bbox 1321 1191 1465 1223; x_wconf 86' lang='lat' dir='ltr'>ordinis</span> <span class='ocrx_word' id='word_1_146' title='bbox 1480 1190 1753 1225; x_wconf 82' lang='lat' dir='ltr'>heremitarum</span> 
     </span>
     <span class='ocr_line' id='line_1_18' title="bbox 106 1245 1753 1288; baseline 0.002 -11"><span class='ocrx_word' id='word_1_147' title='bbox 106 1245 208 1277; x_wconf 90' lang='lat' dir='ltr'>beati</span> <span class='ocrx_word' id='word_1_148' title='bbox 221 1246 425 1287; x_wconf 86' lang='lat' dir='ltr'>Augustini</span> <span class='ocrx_word' id='word_1_149' title='bbox 443 1248 651 1279; x_wconf 88' lang='lat' dir='ltr'>conuentus</span> <span class='ocrx_word' id='word_1_150' title='bbox 666 1246 930 1285; x_wconf 77' lang='lat' dir='ltr'>Tornacensis,</span> <span class='ocrx_word' id='word_1_151' title='bbox 942 1246 980 1278; x_wconf 91' lang='lat' dir='ltr'>in</span> <span class='ocrx_word' id='word_1_152' title='bbox 995 1245 1190 1287; x_wconf 85' lang='lat' dir='ltr'>theologia</span> <span class='ocrx_word' id='word_1_153' title='bbox 1210 1246 1406 1288; x_wconf 86' lang='lat' dir='ltr'>magister,</span> <span class='ocrx_word' id='word_1_154' title='bbox 1417 1249 1550 1279; x_wconf 83' lang='lat' dir='ltr'>contra</span> <span class='ocrx_word' id='word_1_155' title='bbox 1563 1247 1753 1280; x_wconf 77' lang='lat' dir='ltr'>doctrinas</span> 
     </span>
     <span class='ocr_line' id='line_1_19' title="bbox 105 1301 1753 1343; baseline 0.002 -10"><span class='ocrx_word' id='word_1_156' title='bbox 105 1301 310 1342; x_wconf 87' lang='lat' dir='ltr'>premissas</span> <span class='ocrx_word' id='word_1_157' title='bbox 342 1301 691 1340; x_wconf 83' lang='lat' dir='ltr'>christianissimas,</span> <span class='ocrx_word' id='word_1_158' title='bbox 725 1301 906 1342; x_wconf 87' lang='lat' dir='ltr'>quasdam</span> <span class='ocrx_word' id='word_1_159' title='bbox 939 1302 1152 1334; x_wconf 85' lang='lat' dir='ltr'>sentencias</span> <span class='ocrx_word' id='word_1_160' title='bbox 1194 1301 1447 1343; x_wconf 85' lang='lat' dir='ltr'>dogmatizaui</span> <span class='ocrx_word' id='word_1_161' title='bbox 1484 1303 1521 1334; x_wconf 91' lang='lat' dir='ltr'>et</span> <span class='ocrx_word' id='word_1_162' title='bbox 1558 1303 1753 1343; x_wconf 87' lang='lat' dir='ltr'>predicaui</span> 
     </span>
     <span class='ocr_line' id='line_1_20' title="bbox 106 1355 1751 1400; baseline 0.003 -13"><span class='ocrx_word' id='word_1_163' title='bbox 106 1355 258 1397; x_wconf 89' lang='lat' dir='ltr'>publice</span> <span class='ocrx_word' id='word_1_164' title='bbox 282 1356 328 1389; x_wconf 88' lang='lat' dir='ltr'>ad</span> <span class='ocrx_word' id='word_1_165' title='bbox 345 1356 527 1398; x_wconf 90' lang='lat' dir='ltr'>populum</span> <span class='ocrx_word' id='word_1_166' title='bbox 556 1366 625 1398; x_wconf 90' lang='lat' dir='ltr'>per</span> <span class='ocrx_word' id='word_1_167' title='bbox 650 1357 750 1398; x_wconf 89' lang='lat' dir='ltr'>ipsos</span> <span class='ocrx_word' id='word_1_168' title='bbox 769 1356 960 1389; x_wconf 85' lang='lat' dir='ltr'>auditores</span> <span class='ocrx_word' id='word_1_169' title='bbox 986 1366 1055 1398; x_wconf 89' lang='lat' dir='ltr'>per</span> <span class='ocrx_word' id='word_1_170' title='bbox 1079 1366 1138 1389; x_wconf 89' lang='lat' dir='ltr'>me</span> <span class='ocrx_word' id='word_1_171' title='bbox 1164 1356 1449 1395; x_wconf 79' lang='lat' dir='ltr'>scandalizatOS,</span> <span class='ocrx_word' id='word_1_172' title='bbox 1476 1356 1751 1400; x_wconf 87' lang='lat' dir='ltr'>principaliter,</span> 
     </span>
     <span class='ocr_line' id='line_1_21' title="bbox 107 1411 1751 1455; baseline 0.002 -12"><span class='ocrx_word' id='word_1_173' title='bbox 107 1412 226 1453; x_wconf 83' lang='lat' dir='ltr'><strong>.xxxj.</strong></span> <span class='ocrx_word' id='word_1_174' title='bbox 248 1411 428 1445; x_wconf 83' lang='lat' dir='ltr'>articulos</span> <span class='ocrx_word' id='word_1_175' title='bbox 446 1412 684 1445; x_wconf 86' lang='lat' dir='ltr'>continentes</span> <span class='ocrx_word' id='word_1_176' title='bbox 701 1413 815 1453; x_wconf 91' lang='lat' dir='ltr'>prout</span> <span class='ocrx_word' id='word_1_177' title='bbox 832 1412 1029 1444; x_wconf 86' lang='lat' dir='ltr'>conuictus</span> <span class='ocrx_word' id='word_1_178' title='bbox 1047 1414 1247 1454; x_wconf 84' lang='lat' dir='ltr'>reppertus</span> <span class='ocrx_word' id='word_1_179' title='bbox 1273 1421 1367 1444; x_wconf 91' lang='lat' dir='ltr'>sum.</span> <span class='ocrx_word' id='word_1_180' title='bbox 1392 1412 1558 1450; x_wconf 84' lang='lat' dir='ltr'>Quorum</span> <span class='ocrx_word' id='word_1_181' title='bbox 1585 1413 1751 1455; x_wconf 87' lang='lat' dir='ltr'>quinque</span> 
     </span>
     <span class='ocr_line' id='line_1_22' title="bbox 107 1467 1296 1509; baseline -0.001 -10"><span class='ocrx_word' id='word_1_182' title='bbox 107 1467 194 1499; x_wconf 87' lang='lat' dir='ltr'>sunt</span> <span class='ocrx_word' id='word_1_183' title='bbox 211 1468 363 1500; x_wconf 91' lang='lat' dir='ltr'>erronei</span> <span class='ocrx_word' id='word_1_184' title='bbox 382 1468 419 1500; x_wconf 88' lang='lat' dir='ltr'>et</span> <span class='ocrx_word' id='word_1_185' title='bbox 436 1470 569 1501; x_wconf 89' lang='lat' dir='ltr'>contra</span> <span class='ocrx_word' id='word_1_186' title='bbox 587 1468 712 1508; x_wconf 85' lang='lat' dir='ltr'>fidem,</span> <span class='ocrx_word' id='word_1_187' title='bbox 734 1467 913 1500; x_wconf 77' lang='lat' dir='ltr'>videlicet</span> <span class='ocrx_word' id='word_1_188' title='bbox 927 1477 1047 1500; x_wconf 90' lang='lat' dir='ltr'>nonus</span> <span class='ocrx_word' id='word_1_189' title='bbox 1063 1468 1126 1508; x_wconf 82' lang='lat' dir='ltr'>qui</span> <span class='ocrx_word' id='word_1_190' title='bbox 1145 1467 1296 1509; x_wconf 87' lang='lat' dir='ltr'>incipit:</span> 
     </span>
    </p>

    <p class='ocr_par' dir='ltr' id='par_1_3' title="bbox 150 1521 1543 1564">
     <span class='ocr_line' id='line_1_23' title="bbox 150 1521 1543 1564; baseline 0 -9"><span class='ocrx_word' id='word_1_191' title='bbox 150 1535 166 1549; x_wconf 73' lang='lat' dir='ltr'><em>u</em></span> <span class='ocrx_word' id='word_1_192' title='bbox 182 1521 292 1562; x_wconf 87' lang='lat' dir='ltr'>Item,</span> <span class='ocrx_word' id='word_1_193' title='bbox 311 1522 410 1564; x_wconf 91' lang='lat' dir='ltr'>quod</span> <span class='ocrx_word' id='word_1_194' title='bbox 428 1523 566 1556; x_wconf 85' lang='lat' dir='ltr'>caritas</span> <span class='ocrx_word' id='word_1_195' title='bbox 584 1526 640 1556; x_wconf 91' lang='lat' dir='ltr'>est</span> <span class='ocrx_word' id='word_1_196' title='bbox 657 1522 703 1556; x_wconf 90' lang='lat' dir='ltr'>ad</span> <span class='ocrx_word' id='word_1_197' title='bbox 722 1522 842 1555; x_wconf 87' lang='lat' dir='ltr'>Deum</span> <span class='ocrx_word' id='word_1_198' title='bbox 861 1524 899 1555; x_wconf 83' lang='lat' dir='ltr'>et·</span> <span class='ocrx_word' id='word_1_199' title='bbox 917 1523 1131 1564; x_wconf 78' lang='lat' dir='ltr'>proximum</span> <span class='ocrx_word' id='word_1_200' title='bbox 1151 1524 1188 1555; x_wconf 86' lang='lat' dir='ltr'>et</span> <span class='ocrx_word' id='word_1_201' title='bbox 1206 1532 1280 1555; x_wconf 91' lang='lat' dir='ltr'>non</span> <span class='ocrx_word' id='word_1_202' title='bbox 1299 1522 1345 1555; x_wconf 88' lang='lat' dir='ltr'>ad</span> <span class='ocrx_word' id='word_1_203' title='bbox 1365 1523 1543 1564; x_wconf 83' lang='lat' dir='ltr'>seipsum.</span> 
     </span>
    </p>

    <p class='ocr_par' dir='ltr' id='par_1_4' title="bbox 106 1577 1747 1675">
     <span class='ocr_line' id='line_1_24' title="bbox 149 1577 1747 1623; baseline 0.003 -13"><span class='ocrx_word' id='word_1_204' title='bbox 149 1577 290 1620; x_wconf 66' lang='lat' dir='ltr'>”Item,</span> <span class='ocrx_word' id='word_1_205' title='bbox 310 1578 408 1619; x_wconf 90' lang='lat' dir='ltr'>quod</span> <span class='ocrx_word' id='word_1_206' title='bbox 439 1578 540 1611; x_wconf 90' lang='lat' dir='ltr'>Deus</span> <span class='ocrx_word' id='word_1_207' title='bbox 572 1588 646 1610; x_wconf 91' lang='lat' dir='ltr'>non</span> <span class='ocrx_word' id='word_1_208' title='bbox 670 1579 818 1612; x_wconf 86' lang='lat' dir='ltr'>remisit</span> <span class='ocrx_word' id='word_1_209' title='bbox 841 1588 964 1620; x_wconf 84' lang='lat' dir='ltr'>neque</span> <span class='ocrx_word' id='word_1_210' title='bbox 994 1579 1190 1612; x_wconf 86' lang='lat' dir='ltr'>remittere</span> <span class='ocrx_word' id='word_1_211' title='bbox 1226 1580 1351 1621; x_wconf 87' lang='lat' dir='ltr'>potest</span> <span class='ocrx_word' id='word_1_212' title='bbox 1379 1578 1529 1621; x_wconf 90' lang='lat' dir='ltr'>culpam</span> <span class='ocrx_word' id='word_1_213' title='bbox 1559 1581 1747 1623; x_wconf 84' lang='lat' dir='ltr'>peccatorj</span> 
     </span>
     <span class='ocr_line' id='line_1_25' title="bbox 106 1632 675 1675; baseline 0.002 -10"><span class='ocrx_word' id='word_1_214' title='bbox 106 1632 247 1674; x_wconf 87' lang='lat' dir='ltr'>absque</span> <span class='ocrx_word' id='word_1_215' title='bbox 270 1634 404 1675; x_wconf 88' lang='lat' dir='ltr'>preuia</span> <span class='ocrx_word' id='word_1_216' title='bbox 428 1634 675 1667; x_wconf 86' lang='lat' dir='ltr'>contricione.</span> 
     </span>
    </p>

    <p class='ocr_par' dir='ltr' id='par_1_5' title="bbox 99 1688 1747 1843">
     <span class='ocr_line' id='line_1_26' title="bbox 148 1688 1747 1731; baseline 0.002 -10"><span class='ocrx_word' id='word_1_217' title='bbox 148 1703 163 1716; x_wconf 72' lang='lat' dir='ltr'><em>n</em></span> <span class='ocrx_word' id='word_1_218' title='bbox 182 1688 291 1728; x_wconf 89' lang='lat' dir='ltr'>Item,</span> <span class='ocrx_word' id='word_1_219' title='bbox 310 1689 409 1730; x_wconf 86' lang='lat' dir='ltr'>quod</span> <span class='ocrx_word' id='word_1_220' title='bbox 439 1690 653 1730; x_wconf 83' lang='lat' dir='ltr'>presbyteri</span> <span class='ocrx_word' id='word_1_221' title='bbox 678 1689 820 1731; x_wconf 88' lang='lat' dir='ltr'>publici</span> <span class='ocrx_word' id='word_1_222' title='bbox 845 1689 1101 1730; x_wconf 83' lang='lat' dir='ltr'>concubinarij</span> <span class='ocrx_word' id='word_1_223' title='bbox 1130 1698 1203 1722; x_wconf 93' lang='lat' dir='ltr'>non</span> <span class='ocrx_word' id='word_1_224' title='bbox 1232 1689 1372 1723; x_wconf 86' lang='lat' dir='ltr'>habent</span> <span class='ocrx_word' id='word_1_225' title='bbox 1390 1690 1656 1723; x_wconf 84' lang='lat' dir='ltr'>auctoritatem</span> <span class='ocrx_word' id='word_1_226' title='bbox 1681 1700 1747 1724; x_wconf 91' lang='lat' dir='ltr'>seu</span> 
     </span>
     <span class='ocr_line' id='line_1_27' title="bbox 102 1744 1745 1788; baseline 0.002 -12"><span class='ocrx_word' id='word_1_227' title='bbox 102 1745 328 1786; x_wconf 85' lang='lat' dir='ltr'>potestatem</span> <span class='ocrx_word' id='word_1_228' title='bbox 353 1744 574 1777; x_wconf 86' lang='lat' dir='ltr'>absoluendi</span> <span class='ocrx_word' id='word_1_229' title='bbox 607 1747 860 1786; x_wconf 86' lang='lat' dir='ltr'>peccatorem,</span> <span class='ocrx_word' id='word_1_230' title='bbox 887 1747 923 1777; x_wconf 88' lang='lat' dir='ltr'>et</span> <span class='ocrx_word' id='word_1_231' title='bbox 951 1746 1128 1786; x_wconf 86' lang='lat' dir='ltr'>peccator</span> <span class='ocrx_word' id='word_1_232' title='bbox 1160 1746 1356 1778; x_wconf 78' lang='lat' dir='ltr'>confessus</span> <span class='ocrx_word' id='word_1_233' title='bbox 1381 1746 1567 1778; x_wconf 86' lang='lat' dir='ltr'>sacerdoti</span> <span class='ocrx_word' id='word_1_234' title='bbox 1594 1746 1745 1788; x_wconf 84' lang='lat' dir='ltr'>publico</span> 
     </span>
     <span class='ocr_line' id='line_1_28' title="bbox 99 1800 966 1843; baseline -0.003 -9"><span class='ocrx_word' id='word_1_235' title='bbox 99 1801 369 1834; x_wconf 88' lang='lat' dir='ltr'>concubinario</span> <span class='ocrx_word' id='word_1_236' title='bbox 386 1801 530 1834; x_wconf 90' lang='lat' dir='ltr'>recedit</span> <span class='ocrx_word' id='word_1_237' title='bbox 547 1802 688 1843; x_wconf 87' lang='lat' dir='ltr'>absque</span> <span class='ocrx_word' id='word_1_238' title='bbox 707 1800 966 1834; x_wconf 88' lang='lat' dir='ltr'>absolucione.</span> 
     </span>
    </p>

    <p class='ocr_par' dir='ltr' id='par_1_6' title="bbox 99 1855 1748 2007">
     <span class='ocr_line' id='line_1_29' title="bbox 146 1855 1748 1898; baseline 0.001 -10"><span class='ocrx_word' id='word_1_239' title='bbox 146 1871 161 1884; x_wconf 73' lang='lat' dir='ltr'><em>n</em></span> <span class='ocrx_word' id='word_1_240' title='bbox 180 1856 288 1896; x_wconf 85' lang='lat' dir='ltr'>Item,</span> <span class='ocrx_word' id='word_1_241' title='bbox 313 1856 412 1897; x_wconf 89' lang='lat' dir='ltr'>quod</span> <span class='ocrx_word' id='word_1_242' title='bbox 437 1857 628 1889; x_wconf 91' lang='lat' dir='ltr'>orationes</span> <span class='ocrx_word' id='word_1_243' title='bbox 656 1857 694 1889; x_wconf 90' lang='lat' dir='ltr'>et</span> <span class='ocrx_word' id='word_1_244' title='bbox 717 1865 849 1898; x_wconf 89' lang='lat' dir='ltr'>preces</span> <span class='ocrx_word' id='word_1_245' title='bbox 866 1855 1038 1888; x_wconf 87' lang='lat' dir='ltr'>missales</span> <span class='ocrx_word' id='word_1_246' title='bbox 1072 1855 1208 1888; x_wconf 86' lang='lat' dir='ltr'>talium</span> <span class='ocrx_word' id='word_1_247' title='bbox 1238 1856 1476 1889; x_wconf 84' lang='lat' dir='ltr'>sacerdotum</span> <span class='ocrx_word' id='word_1_248' title='bbox 1509 1855 1748 1898; x_wconf 89' lang='lat' dir='ltr'>publicorum</span> 
     </span>
     <span class='ocr_line' id='line_1_30' title="bbox 100 1910 1748 1953; baseline 0.001 -9"><span class='ocrx_word' id='word_1_249' title='bbox 100 1911 457 1944; x_wconf 88' lang='lat' dir='ltr'>concubinariorum</span> <span class='ocrx_word' id='word_1_250' title='bbox 499 1913 587 1944; x_wconf 89' lang='lat' dir='ltr'>sunt</span> <span class='ocrx_word' id='word_1_251' title='bbox 619 1911 760 1945; x_wconf 90' lang='lat' dir='ltr'>nullius</span> <span class='ocrx_word' id='word_1_252' title='bbox 806 1910 959 1950; x_wconf 89' lang='lat' dir='ltr'>valoris,</span> <span class='ocrx_word' id='word_1_253' title='bbox 1000 1913 1038 1944; x_wconf 89' lang='lat' dir='ltr'>et</span> <span class='ocrx_word' id='word_1_254' title='bbox 1072 1912 1187 1944; x_wconf 91' lang='lat' dir='ltr'>misse</span> <span class='ocrx_word' id='word_1_255' title='bbox 1219 1921 1288 1953; x_wconf 90' lang='lat' dir='ltr'>per</span> <span class='ocrx_word' id='word_1_256' title='bbox 1329 1911 1426 1944; x_wconf 89' lang='lat' dir='ltr'>tales</span> <span class='ocrx_word' id='word_1_257' title='bbox 1459 1912 1748 1946; x_wconf 89' lang='lat' dir='ltr'>concubinarios</span> 
     </span>
     <span class='ocr_line' id='line_1_31' title="bbox 99 1965 1216 2007; baseline 0 -9"><span class='ocrx_word' id='word_1_258' title='bbox 99 1965 291 1999; x_wconf 85' lang='lat' dir='ltr'>celebrate</span> <span class='ocrx_word' id='word_1_259' title='bbox 307 1975 376 2007; x_wconf 91' lang='lat' dir='ltr'>pro</span> <span class='ocrx_word' id='word_1_260' title='bbox 395 1965 583 1999; x_wconf 81' lang='lat' dir='ltr'>defunctis</span> <span class='ocrx_word' id='word_1_261' title='bbox 601 1968 665 1999; x_wconf 88' lang='lat' dir='ltr'>aut</span> <span class='ocrx_word' id='word_1_262' title='bbox 682 1967 779 2000; x_wconf 91' lang='lat' dir='ltr'>viuis</span> <span class='ocrx_word' id='word_1_263' title='bbox 797 1968 884 2000; x_wconf 89' lang='lat' dir='ltr'>sunt</span> <span class='ocrx_word' id='word_1_264' title='bbox 901 1965 1045 1999; x_wconf 90' lang='lat' dir='ltr'>nullius</span> <span class='ocrx_word' id='word_1_265' title='bbox 1063 1966 1216 2000; x_wconf 86' lang='lat' dir='ltr'>valoris.</span> 
     </span>
    </p>

    <p class='ocr_par' dir='ltr' id='par_1_7' title="bbox 102 2021 1745 2108">
     <span class='ocr_line' id='line_1_32' title="bbox 146 2021 1745 2066; baseline 0.002 -13"><span class='ocrx_word' id='word_1_266' title='bbox 146 2021 287 2060; x_wconf 75' lang='lat' dir='ltr'>nItem,</span> <span class='ocrx_word' id='word_1_267' title='bbox 317 2021 417 2063; x_wconf 90' lang='lat' dir='ltr'>quod</span> <span class='ocrx_word' id='word_1_268' title='bbox 445 2022 566 2055; x_wconf 88' lang='lat' dir='ltr'>oratio</span> <span class='ocrx_word' id='word_1_269' title='bbox 586 2032 659 2055; x_wconf 90' lang='lat' dir='ltr'>non</span> <span class='ocrx_word' id='word_1_270' title='bbox 690 2023 801 2056; x_wconf 90' lang='lat' dir='ltr'>debet</span> <span class='ocrx_word' id='word_1_271' title='bbox 819 2023 937 2066; x_wconf 84' lang='lat' dir='ltr'>dirigi</span> <span class='ocrx_word' id='word_1_272' title='bbox 966 2023 1038 2055; x_wconf 90' lang='lat' dir='ltr'>nisi</span> <span class='ocrx_word' id='word_1_273' title='bbox 1057 2023 1103 2055; x_wconf 89' lang='lat' dir='ltr'>ad</span> <span class='ocrx_word' id='word_1_274' title='bbox 1122 2023 1243 2056; x_wconf 91' lang='lat' dir='ltr'>Deum</span> <span class='ocrx_word' id='word_1_275' title='bbox 1273 2021 1509 2056; x_wconf 87' lang='lat' dir='ltr'>solummodo</span> <span class='ocrx_word' id='word_1_276' title='bbox 1535 2025 1572 2056; x_wconf 92' lang='lat' dir='ltr'>et</span> <span class='ocrx_word' id='word_1_277' title='bbox 1598 2033 1669 2056; x_wconf 90' lang='lat' dir='ltr'>non</span> <span class='ocrx_word' id='word_1_278' title='bbox 1700 2025 1745 2058; x_wconf 89' lang='lat' dir='ltr'>ad</span> 
     </span>
     <span class='ocr_line' id='line_1_33' title="bbox 102 2076 265 2108; baseline 0 0"><span class='ocrx_word' id='word_1_279' title='bbox 102 2076 265 2108; x_wconf 89' lang='lat' dir='ltr'>sanctos.</span> 
     </span>
    </p>

    <p class='ocr_par' dir='ltr' id='par_1_8' title="bbox 100 2129 1743 2228">
     <span class='ocr_line' id='line_1_34' title="bbox 146 2129 1743 2175; baseline 0.003 -13"><span class='ocrx_word' id='word_1_280' title='bbox 146 2129 256 2163; x_wconf 69' lang='lat' dir='ltr'>„Alii</span> <span class='ocrx_word' id='word_1_281' title='bbox 292 2139 381 2164; x_wconf 89' lang='lat' dir='ltr'>vero</span> <span class='ocrx_word' id='word_1_282' title='bbox 415 2131 640 2173; x_wconf 85' lang='lat' dir='ltr'>scandalosi‚</span> <span class='ocrx_word' id='word_1_283' title='bbox 675 2133 870 2166; x_wconf 89' lang='lat' dir='ltr'>temerarii</span> <span class='ocrx_word' id='word_1_284' title='bbox 905 2134 942 2166; x_wconf 90' lang='lat' dir='ltr'>et</span> <span class='ocrx_word' id='word_1_285' title='bbox 972 2133 1266 2175; x_wconf 89' lang='lat' dir='ltr'>presumptuosi,</span> <span class='ocrx_word' id='word_1_286' title='bbox 1298 2132 1429 2174; x_wconf 84' lang='lat' dir='ltr'>quales</span> <span class='ocrx_word' id='word_1_287' title='bbox 1462 2134 1549 2165; x_wconf 87' lang='lat' dir='ltr'>sunt</span> <span class='ocrx_word' id='word_1_288' title='bbox 1586 2134 1743 2175; x_wconf 77' lang='lat' dir='ltr'>primuS,</span> 
     </span>
     <span class='ocr_line' id='line_1_35' title="bbox 100 2186 721 2228; baseline 0.003 -10"><span class='ocrx_word' id='word_1_289' title='bbox 100 2186 286 2219; x_wconf 86' lang='lat' dir='ltr'>secundus</span> <span class='ocrx_word' id='word_1_290' title='bbox 300 2187 337 2219; x_wconf 88' lang='lat' dir='ltr'>et</span> <span class='ocrx_word' id='word_1_291' title='bbox 351 2188 508 2228; x_wconf 87' lang='lat' dir='ltr'>quartus</span> <span class='ocrx_word' id='word_1_292' title='bbox 526 2187 701 2221; x_wconf 88' lang='lat' dir='ltr'>videlicet</span> <span class='ocrx_word' id='word_1_293' title='bbox 714 2198 721 2220; x_wconf 91' lang='lat'>:</span> 
     </span>
    </p>

    <p class='ocr_par' dir='ltr' id='par_1_9' title="bbox 97 2241 1743 2440">
     <span class='ocr_line' id='line_1_36' title="bbox 148 2241 1742 2285; baseline 0.002 -12"><span class='ocrx_word' id='word_1_294' title='bbox 148 2255 164 2269; x_wconf 71' lang='lat' dir='ltr'>n</span> <span class='ocrx_word' id='word_1_295' title='bbox 181 2241 286 2279; x_wconf 87' lang='lat' dir='ltr'>Quod</span> <span class='ocrx_word' id='word_1_296' title='bbox 305 2241 431 2274; x_wconf 87' lang='lat' dir='ltr'>nullus</span> <span class='ocrx_word' id='word_1_297' title='bbox 448 2241 722 2283; x_wconf 88' lang='lat' dir='ltr'>parrochianus</span> <span class='ocrx_word' id='word_1_298' title='bbox 740 2243 853 2276; x_wconf 86' lang='lat' dir='ltr'>debet</span> <span class='ocrx_word' id='word_1_299' title='bbox 879 2251 900 2275; x_wconf 89' lang='lat' dir='ltr'>a</span> <span class='ocrx_word' id='word_1_300' title='bbox 917 2252 983 2275; x_wconf 90' lang='lat' dir='ltr'>suo</span> <span class='ocrx_word' id='word_1_301' title='bbox 1009 2244 1141 2276; x_wconf 89' lang='lat' dir='ltr'>curato</span> <span class='ocrx_word' id='word_1_302' title='bbox 1159 2244 1290 2285; x_wconf 92' lang='lat' dir='ltr'>petere</span> <span class='ocrx_word' id='word_1_303' title='bbox 1320 2242 1514 2276; x_wconf 89' lang='lat' dir='ltr'>licentiam</span> <span class='ocrx_word' id='word_1_304' title='bbox 1539 2244 1742 2285; x_wconf 84' lang='lat' dir='ltr'>confitendj</span> 
     </span>
     <span class='ocr_line' id='line_1_37' title="bbox 99 2295 1743 2340; baseline 0.001 -10"><span class='ocrx_word' id='word_1_305' title='bbox 99 2295 213 2330; x_wconf 84' lang='lat' dir='ltr'>alteri</span> <span class='ocrx_word' id='word_1_306' title='bbox 238 2298 275 2330; x_wconf 88' lang='lat' dir='ltr'>et</span> <span class='ocrx_word' id='word_1_307' title='bbox 302 2297 498 2338; x_wconf 86' lang='lat' dir='ltr'>potissime</span> <span class='ocrx_word' id='word_1_308' title='bbox 527 2296 710 2340; x_wconf 89' lang='lat' dir='ltr'>religioso</span> <span class='ocrx_word' id='word_1_309' title='bbox 744 2298 989 2338; x_wconf 78' lang='lat' dir='ltr'>mendicanti,</span> <span class='ocrx_word' id='word_1_310' title='bbox 1016 2299 1054 2331; x_wconf 86' lang='lat' dir='ltr'>et</span> <span class='ocrx_word' id='word_1_311' title='bbox 1072 2299 1171 2340; x_wconf 87' lang='lat' dir='ltr'>quod</span> <span class='ocrx_word' id='word_1_312' title='bbox 1200 2309 1273 2331; x_wconf 92' lang='lat' dir='ltr'>non</span> <span class='ocrx_word' id='word_1_313' title='bbox 1299 2301 1356 2331; x_wconf 84' lang='lat' dir='ltr'>est</span> <span class='ocrx_word' id='word_1_314' title='bbox 1389 2308 1542 2331; x_wconf 89' lang='lat' dir='ltr'>necesse</span> <span class='ocrx_word' id='word_1_315' title='bbox 1570 2300 1743 2332; x_wconf 82' lang='lat' dir='ltr'>confiteri</span> 
     </span>
     <span class='ocr_line' id='line_1_38' title="bbox 97 2352 1742 2397; baseline 0.002 -14"><span class='ocrx_word' id='word_1_316' title='bbox 97 2352 253 2393; x_wconf 88' lang='lat' dir='ltr'>proprio</span> <span class='ocrx_word' id='word_1_317' title='bbox 281 2353 426 2392; x_wconf 80' lang='lat' dir='ltr'>curato,</span> <span class='ocrx_word' id='word_1_318' title='bbox 459 2354 496 2385; x_wconf 89' lang='lat' dir='ltr'>et</span> <span class='ocrx_word' id='word_1_319' title='bbox 530 2353 629 2394; x_wconf 86' lang='lat' dir='ltr'>quod</span> <span class='ocrx_word' id='word_1_320' title='bbox 661 2354 802 2387; x_wconf 86' lang='lat' dir='ltr'>sufficit</span> <span class='ocrx_word' id='word_1_321' title='bbox 834 2353 1086 2396; x_wconf 89' lang='lat' dir='ltr'>parrochiano</span> <span class='ocrx_word' id='word_1_322' title='bbox 1131 2354 1303 2387; x_wconf 79' lang='lat' dir='ltr'>confiteri</span> <span class='ocrx_word' id='word_1_323' title='bbox 1337 2354 1518 2387; x_wconf 74' lang='lat' dir='ltr'>fratribus</span> <span class='ocrx_word' id='word_1_324' title='bbox 1550 2354 1742 2397; x_wconf 85' lang='lat' dir='ltr'>religiosis</span> 
     </span>
     <span class='ocr_line' id='line_1_39' title="bbox 97 2407 412 2440; baseline 0.003 -1"><span class='ocrx_word' id='word_1_325' title='bbox 97 2407 412 2440; x_wconf 86' lang='lat' dir='ltr'>mendicantibus.</span> 
     </span>
    </p>

    <p class='ocr_par' dir='ltr' id='par_1_10' title="bbox 97 2462 1742 2672">
     <span class='ocr_line' id='line_1_40' title="bbox 143 2462 1740 2507; baseline 0.002 -13"><span class='ocrx_word' id='word_1_326' title='bbox 143 2477 158 2490; x_wconf 70' lang='lat' dir='ltr'><em>n</em></span> <span class='ocrx_word' id='word_1_327' title='bbox 175 2462 284 2504; x_wconf 88' lang='lat' dir='ltr'>Item,</span> <span class='ocrx_word' id='word_1_328' title='bbox 314 2463 413 2504; x_wconf 89' lang='lat' dir='ltr'>quod</span> <span class='ocrx_word' id='word_1_329' title='bbox 438 2464 560 2497; x_wconf 89' lang='lat' dir='ltr'>curati</span> <span class='ocrx_word' id='word_1_330' title='bbox 585 2464 715 2497; x_wconf 87' lang='lat' dir='ltr'>dicunt</span> <span class='ocrx_word' id='word_1_331' title='bbox 745 2464 1007 2507; x_wconf 86' lang='lat' dir='ltr'>parrochianis</span> <span class='ocrx_word' id='word_1_332' title='bbox 1038 2466 1128 2505; x_wconf 89' lang='lat' dir='ltr'>suis,</span> <span class='ocrx_word' id='word_1_333' title='bbox 1155 2465 1253 2507; x_wconf 82' lang='lat' dir='ltr'>quod</span> <span class='ocrx_word' id='word_1_334' title='bbox 1279 2464 1412 2497; x_wconf 88' lang='lat' dir='ltr'>saltem</span> <span class='ocrx_word' id='word_1_335' title='bbox 1439 2464 1554 2498; x_wconf 90' lang='lat' dir='ltr'>semel</span> <span class='ocrx_word' id='word_1_336' title='bbox 1580 2465 1617 2497; x_wconf 93' lang='lat' dir='ltr'>in</span> <span class='ocrx_word' id='word_1_337' title='bbox 1643 2473 1740 2497; x_wconf 87' lang='lat' dir='ltr'>anno</span> 
     </span>
     <span class='ocr_line' id='line_1_41' title="bbox 97 2518 1742 2562; baseline 0.002 -12"><span class='ocrx_word' id='word_1_338' title='bbox 97 2518 371 2559; x_wconf 85' lang='lat' dir='ltr'>parrochianus</span> <span class='ocrx_word' id='word_1_339' title='bbox 399 2521 549 2552; x_wconf 86' lang='lat' dir='ltr'>tenetur</span> <span class='ocrx_word' id='word_1_340' title='bbox 575 2520 750 2553; x_wconf 81' lang='lat' dir='ltr'>confiteri</span> <span class='ocrx_word' id='word_1_341' title='bbox 774 2530 841 2553; x_wconf 90' lang='lat' dir='ltr'>suo</span> <span class='ocrx_word' id='word_1_342' title='bbox 873 2521 1027 2562; x_wconf 87' lang='lat' dir='ltr'>proprio</span> <span class='ocrx_word' id='word_1_343' title='bbox 1053 2523 1197 2559; x_wconf 84' lang='lat' dir='ltr'>curato,</span> <span class='ocrx_word' id='word_1_344' title='bbox 1227 2520 1325 2561; x_wconf 84' lang='lat' dir='ltr'>quod</span> <span class='ocrx_word' id='word_1_345' title='bbox 1351 2530 1423 2552; x_wconf 92' lang='lat' dir='ltr'>non</span> <span class='ocrx_word' id='word_1_346' title='bbox 1448 2522 1505 2553; x_wconf 82' lang='lat' dir='ltr'>est</span> <span class='ocrx_word' id='word_1_347' title='bbox 1529 2529 1672 2559; x_wconf 75' lang='lat' dir='ltr'>verum,</span> <span class='ocrx_word' id='word_1_348' title='bbox 1701 2523 1742 2553; x_wconf 92' lang='lat' dir='ltr'>ut</span> 
     </span>
     <span class='ocr_line' id='line_1_42' title="bbox 98 2573 1739 2618; baseline 0.001 -13"><span class='ocrx_word' id='word_1_349' title='bbox 98 2573 194 2606; x_wconf 85' lang='lat' dir='ltr'>dixit</span> <span class='ocrx_word' id='word_1_350' title='bbox 210 2574 291 2616; x_wconf 90' lang='lat' dir='ltr'>ipse</span> <span class='ocrx_word' id='word_1_351' title='bbox 309 2573 532 2615; x_wconf 87' lang='lat' dir='ltr'>Serrurarij,</span> <span class='ocrx_word' id='word_1_352' title='bbox 552 2576 744 2608; x_wconf 79' lang='lat' dir='ltr'>affirmans</span> <span class='ocrx_word' id='word_1_353' title='bbox 762 2577 803 2608; x_wconf 89' lang='lat' dir='ltr'>ut</span> <span class='ocrx_word' id='word_1_354' title='bbox 821 2584 936 2618; x_wconf 90' lang='lat' dir='ltr'>supra</span> <span class='ocrx_word' id='word_1_355' title='bbox 953 2576 1051 2617; x_wconf 86' lang='lat' dir='ltr'>quod</span> <span class='ocrx_word' id='word_1_356' title='bbox 1071 2576 1210 2608; x_wconf 83' lang='lat' dir='ltr'>sufficit</span> <span class='ocrx_word' id='word_1_357' title='bbox 1229 2576 1416 2616; x_wconf 82' lang='lat' dir='ltr'>peccatori</span> <span class='ocrx_word' id='word_1_358' title='bbox 1435 2575 1608 2609; x_wconf 83' lang='lat' dir='ltr'>confiteri</span> <span class='ocrx_word' id='word_1_359' title='bbox 1627 2574 1739 2607; x_wconf 84' lang='lat' dir='ltr'>alicui</span> 
     </span>
     <span class='ocr_line' id='line_1_43' title="bbox 97 2628 770 2672; baseline 0.003 -11"><span class='ocrx_word' id='word_1_360' title='bbox 97 2628 280 2672; x_wconf 86' lang='lat' dir='ltr'>religioso</span> <span class='ocrx_word' id='word_1_361' title='bbox 297 2631 511 2671; x_wconf 86' lang='lat' dir='ltr'>presentato</span> <span class='ocrx_word' id='word_1_362' title='bbox 528 2630 770 2663; x_wconf 84' lang='lat' dir='ltr'>mendicanti.</span> 
     </span>
    </p>

    <p class='ocr_par' dir='ltr' id='par_1_11' title="bbox 142 2683 1604 2728">
     <span class='ocr_line' id='line_1_44' title="bbox 142 2683 1604 2728; baseline 0.001 -11"><span class='ocrx_word' id='word_1_363' title='bbox 142 2698 158 2712; x_wconf 73' lang='lat' dir='ltr'>n</span> <span class='ocrx_word' id='word_1_364' title='bbox 174 2683 280 2724; x_wconf 88' lang='lat' dir='ltr'>Item,</span> <span class='ocrx_word' id='word_1_365' title='bbox 296 2685 395 2725; x_wconf 89' lang='lat' dir='ltr'>quod</span> <span class='ocrx_word' id='word_1_366' title='bbox 414 2684 585 2727; x_wconf 88' lang='lat' dir='ltr'>religiosi</span> <span class='ocrx_word' id='word_1_367' title='bbox 600 2686 806 2727; x_wconf 86' lang='lat' dir='ltr'>presentati</span> <span class='ocrx_word' id='word_1_368' title='bbox 827 2687 913 2718; x_wconf 90' lang='lat' dir='ltr'>sunt</span> <span class='ocrx_word' id='word_1_369' title='bbox 927 2686 1071 2728; x_wconf 87' lang='lat' dir='ltr'>proprii</span> <span class='ocrx_word' id='word_1_370' title='bbox 1089 2686 1303 2718; x_wconf 87' lang='lat' dir='ltr'>sacerdotes</span> <span class='ocrx_word' id='word_1_371' title='bbox 1322 2687 1358 2718; x_wconf 88' lang='lat' dir='ltr'>et</span> <span class='ocrx_word' id='word_1_372' title='bbox 1376 2686 1453 2718; x_wconf 74' lang='lat' dir='ltr'>veri</span> <span class='ocrx_word' id='word_1_373' title='bbox 1472 2686 1604 2718; x_wconf 85' lang='lat' dir='ltr'>curati.</span> 
     </span>
    </p>

    <p class='ocr_par' dir='ltr' id='par_1_12' title="bbox 95 2739 1738 2893">
     <span class='ocr_line' id='line_1_45' title="bbox 141 2739 1738 2783; baseline 0.001 -11"><span class='ocrx_word' id='word_1_374' title='bbox 141 2739 282 2779; x_wconf 74' lang='lat' dir='ltr'>nItem,</span> <span class='ocrx_word' id='word_1_375' title='bbox 316 2740 414 2781; x_wconf 87' lang='lat' dir='ltr'>quod</span> <span class='ocrx_word' id='word_1_376' title='bbox 451 2741 571 2773; x_wconf 90' lang='lat' dir='ltr'>curati</span> <span class='ocrx_word' id='word_1_377' title='bbox 613 2741 824 2782; x_wconf 88' lang='lat' dir='ltr'>impediunt</span> <span class='ocrx_word' id='word_1_378' title='bbox 857 2740 1130 2783; x_wconf 83' lang='lat' dir='ltr'>parrochianos</span> <span class='ocrx_word' id='word_1_379' title='bbox 1163 2750 1262 2780; x_wconf 88' lang='lat' dir='ltr'>suos,</span> <span class='ocrx_word' id='word_1_380' title='bbox 1298 2750 1344 2773; x_wconf 89' lang='lat' dir='ltr'>ne</span> <span class='ocrx_word' id='word_1_381' title='bbox 1376 2741 1465 2773; x_wconf 90' lang='lat' dir='ltr'>dent</span> <span class='ocrx_word' id='word_1_382' title='bbox 1498 2750 1566 2773; x_wconf 83' lang='lat' dir='ltr'>nec</span> <span class='ocrx_word' id='word_1_383' title='bbox 1599 2741 1738 2773; x_wconf 78' lang='lat' dir='ltr'>faciant</span> 
     </span>
     <span class='ocr_line' id='line_1_46' title="bbox 95 2792 1738 2838; baseline 0.001 -12"><span class='ocrx_word' id='word_1_384' title='bbox 95 2792 335 2835; x_wconf 88' lang='lat' dir='ltr'>elemosinas,</span> <span class='ocrx_word' id='word_1_385' title='bbox 361 2795 460 2828; x_wconf 89' lang='lat' dir='ltr'>dona</span> <span class='ocrx_word' id='word_1_386' title='bbox 487 2798 552 2828; x_wconf 91' lang='lat' dir='ltr'>aut</span> <span class='ocrx_word' id='word_1_387' title='bbox 584 2795 712 2838; x_wconf 88' lang='lat' dir='ltr'>legata</span> <span class='ocrx_word' id='word_1_388' title='bbox 742 2797 1044 2830; x_wconf 88' lang='lat' dir='ltr'>mendicantibus</span> <span class='ocrx_word' id='word_1_389' title='bbox 1070 2799 1107 2829; x_wconf 90' lang='lat' dir='ltr'>et</span> <span class='ocrx_word' id='word_1_390' title='bbox 1134 2806 1179 2829; x_wconf 91' lang='lat' dir='ltr'>ne</span> <span class='ocrx_word' id='word_1_391' title='bbox 1209 2796 1299 2828; x_wconf 86' lang='lat' dir='ltr'>dicti</span> <span class='ocrx_word' id='word_1_392' title='bbox 1328 2795 1569 2838; x_wconf 85' lang='lat' dir='ltr'>parrochiani</span> <span class='ocrx_word' id='word_1_393' title='bbox 1594 2795 1738 2838; x_wconf 89' lang='lat' dir='ltr'>eligant</span> 
     </span>
     <span class='ocr_line' id='line_1_47' title="bbox 95 2850 1546 2893; baseline 0 -10"><span class='ocrx_word' id='word_1_394' title='bbox 95 2850 310 2893; x_wconf 86' lang='lat' dir='ltr'>sepulturas</span> <span class='ocrx_word' id='word_1_395' title='bbox 327 2860 413 2884; x_wconf 90' lang='lat' dir='ltr'>suas</span> <span class='ocrx_word' id='word_1_396' title='bbox 432 2852 469 2883; x_wconf 93' lang='lat' dir='ltr'>in</span> <span class='ocrx_word' id='word_1_397' title='bbox 488 2852 662 2885; x_wconf 87' lang='lat' dir='ltr'>domibus</span> <span class='ocrx_word' id='word_1_398' title='bbox 681 2853 898 2885; x_wconf 88' lang='lat' dir='ltr'>eorumdem</span> <span class='ocrx_word' id='word_1_399' title='bbox 913 2852 1222 2886; x_wconf 88' lang='lat' dir='ltr'>mendicantium.</span> <span class='ocrx_word' id='word_1_400' title='bbox 1244 2851 1310 2884; x_wconf 87' lang='lat' dir='ltr'>Est</span> <span class='ocrx_word' id='word_1_401' title='bbox 1328 2852 1546 2885; x_wconf 85' lang='lat' dir='ltr'>sediciosus.</span> 
     </span>
    </p>

    <p class='ocr_par' dir='ltr' id='par_1_13' title="bbox 96 2905 1736 3005">
     <span class='ocr_line' id='line_1_48' title="bbox 142 2905 1736 2950; baseline 0.001 -11"><span class='ocrx_word' id='word_1_402' title='bbox 142 2921 158 2934; x_wconf 70' lang='lat' dir='ltr'>n</span> <span class='ocrx_word' id='word_1_403' title='bbox 174 2905 283 2947; x_wconf 86' lang='lat' dir='ltr'>Item,</span> <span class='ocrx_word' id='word_1_404' title='bbox 299 2907 397 2948; x_wconf 87' lang='lat' dir='ltr'>quod</span> <span class='ocrx_word' id='word_1_405' title='bbox 416 2907 718 2940; x_wconf 86' lang='lat' dir='ltr'>mendicantibus</span> <span class='ocrx_word' id='word_1_406' title='bbox 741 2909 969 2950; x_wconf 86' lang='lat' dir='ltr'>presentatis</span> <span class='ocrx_word' id='word_1_407' title='bbox 987 2908 1079 2950; x_wconf 91' lang='lat' dir='ltr'>ipsis</span> <span class='ocrx_word' id='word_1_408' title='bbox 1093 2908 1286 2940; x_wconf 77' lang='lat' dir='ltr'>consessus</span> <span class='ocrx_word' id='word_1_409' title='bbox 1305 2906 1408 2940; x_wconf 85' lang='lat' dir='ltr'>licite</span> <span class='ocrx_word' id='word_1_410' title='bbox 1426 2909 1548 2949; x_wconf 87' lang='lat' dir='ltr'>potest</span> <span class='ocrx_word' id='word_1_411' title='bbox 1565 2908 1736 2949; x_wconf 89' lang='lat' dir='ltr'>recipere</span> 
     </span>
     <span class='ocr_line' id='line_1_49' title="bbox 96 2961 1736 3005; baseline 0 -10"><span class='ocrx_word' id='word_1_412' title='bbox 96 2970 233 3004; x_wconf 89' lang='lat' dir='ltr'>corpus</span> <span class='ocrx_word' id='word_1_413' title='bbox 251 2961 403 3002; x_wconf 86' lang='lat' dir='ltr'>Christi,</span> <span class='ocrx_word' id='word_1_414' title='bbox 418 2964 457 2996; x_wconf 90' lang='lat' dir='ltr'>et</span> <span class='ocrx_word' id='word_1_415' title='bbox 473 2972 546 2995; x_wconf 95' lang='lat' dir='ltr'>non</span> <span class='ocrx_word' id='word_1_416' title='bbox 560 2964 684 3005; x_wconf 89' lang='lat' dir='ltr'>potest</span> <span class='ocrx_word' id='word_1_417' title='bbox 701 2972 769 2997; x_wconf 87' lang='lat' dir='ltr'>nec</span> <span class='ocrx_word' id='word_1_418' title='bbox 783 2964 895 2998; x_wconf 84' lang='lat' dir='ltr'>debet</span> <span class='ocrx_word' id='word_1_419' title='bbox 909 2964 1061 2997; x_wconf 87' lang='lat' dir='ltr'>curatus</span> <span class='ocrx_word' id='word_1_420' title='bbox 1076 2964 1247 2996; x_wconf 80' lang='lat' dir='ltr'>confesso</span> <span class='ocrx_word' id='word_1_421' title='bbox 1266 2963 1565 2996; x_wconf 77' lang='lat' dir='ltr'>mendicantibus</span> <span class='ocrx_word' id='word_1_422' title='bbox 1579 2963 1736 3005; x_wconf 83' lang='lat' dir='ltr'>prefatis</span> 
     </span>
    </p>
   </div>
  </div>
 </body>
</html>
