2050 3470
795 235 932 269 ANNO
962 235 1145 267 1175-1177
1744 236 1786 269 23

149 348 317 380 deratam
336 348 470 380 faeiem
488 347 637 380 tandem
654 347 781 380 videre
799 346 933 379 merui.
951 346 1087 379 Judioa
1106 355 1164 379 me
1181 353 1286 387 ergo,
1307 353 1457 386 quaeso,
1470 345 1632 382 domine,
1651 353 1784 377 seeun-

149 403 236 436 dum
248 402 437 444 justiciam
455 411 589 442 meam,
609 403 646 434 in
661 401 729 434 hac.
746 403 854 443 parte
872 401 1066 434 effundens
1082 402 1263 433 frameam
1277 400 1366 440 justi
1382 400 1514 441 judicii
1529 400 1706 433 adversus
1721 410 1785 433 eos

149 458 212 499 qui
240 458 517 499 persequuntur
538 466 609 489 me.
637 457 703 489 Dic
723 457 846 489 anime
874 465 978 489 meo:
1005 470 1019 483 ι-
1040 455 1147 489 Salus
1165 457 1229 487 tua
1252 463 1321 496 ego
1342 464 1423 487 sum
1443 470 1473 493 n,
1493 458 1532 487 ut
1550 455 1642 487 sciat
1665 456 1784 487 omnis

148 513 308 545 mundus
333 511 553 554 proplietam
579 520 659 544 esse
686 513 722 544 in
741 511 871 544 Israel.
893 512 948 544 Ne
975 512 1099 544 autem
1125 511 1331 543 arbitretur
1357 519 1414 542 me
1439 510 1636 543 clementie
1662 513 1784 543 vestre

147 568 331 600 serenitas
355 575 514 607 querere
541 566 722 599 ultionem
749 570 812 599 aut
836 568 1013 608 expetere
1045 566 1261 604 vindictam,
1289 565 1376 606 quia
1406 567 1442 597 et
1467 566 1497 597 si
1523 575 1608 597 raro
1644 566 1688 598 ad
1714 565 1784 597 hoc

147 622 485 664 concupiscendum
518 622 668 654 infirma
693 624 758 659 est,
787 622 941 663 spiritus
968 624 1091 654 tamen
1118 621 1274 654 rationis
1300 621 1460 658 absistit,
1489 620 1658 653 terribile
1691 619 1783 652 illud

147 677 405 720 evangelicum
424 680 456 709 et
479 677 556 718 ipse
580 677 721 710 liabens
741 677 976 709 obstaculum
997 687 1004 708 :
1026 694 1040 703 ι·
1060 678 1163 709 Sicut
1181 678 1216 708 et
1235 680 1342 718 pater
1360 685 1464 708 meus
1481 676 1653 708 caelestis
1672 676 1785 708 faciet

146 732 263 772 vobis,
279 733 309 764 si
325 742 397 764 non
417 732 639 764 remiseritis
656 733 911 773 unusquisque
926 733 1033 764 fratri
1049 742 1115 764 suo
1134 732 1178 763 do
1193 732 1305 764 corde
1322 735 1455 763 vostro.
1471 746 1485 758 n
1505 730 1640 763 Verum
1658 740 1701 763 ne
1716 732 1783 764 sub

145 787 297 829 pietatis
315 787 437 828 specie
455 785 555 819 zelus
574 789 772 819 evanescat
788 787 950 828 justicio,
968 787 1072 819 ulcus
1093 786 1160 819 hoc
1180 787 1389 827 iniquitatis
1409 786 1544 818 nostris
1563 787 1599 818 in
1615 787 1782 827 partibus

145 842 291 874 tumens
317 842 379 873 aut
397 841 601 873 sanandum
630 843 689 873 aut
718 841 918 874 secandum
937 844 999 873 tue
1026 839 1237 873 medicinali
1265 841 1487 881 depromere
1513 842 1667 882 (lignum
1693 840 1781 872 duxi

144 896 279 937 peritie
296 906 304 936 ς
323 905 365 928 αα
383 905 441 934 ne,
469 905 618 928 rursum
646 896 806 929 zelatum
825 905 882 929 me
907 906 973 937 pro
1000 896 1109 928 ‹lomo
1128 895 1244 928 Israel
1274 896 1466 937 estunam,
1485 896 1636 938 proprie
1660 897 1782 938 potius

143 947 281 982 illiciar
298 949 452 982 ultionis
470 950 688 992 cupiditate,
708 952 770 983 tue
794 959 852 983 me
873 952 991 982 totum
1009 951 1228 983 discretioni
1257 952 1368 991 atque
1386 950 1557 989 oonsilio,
1583 960 1726 982 necnon
1744 951 1782 982 et

143 1013 286 1044 eorum,
313 1005 374 1046 qui
400 1006 480 1037 viee
506 1005 588 1037 Hur
613 1008 649 1038 et
674 1006 798 1038 Aaron
831 1015 961 1038 manus
993 1007 1085 1043 tuas,
1114 1016 1205 1047 quas
1237 1006 1385 1039 assidue
1417 1006 1462 1038 ad
1489 1006 1690 1040 Dominum
1714 1016 1780 1048 pro

142 1059 280 1102 populo
297 1059 452 1093 levando
471 1059 632 1099 laboras,
649 1062 860 1093 sustentare
876 1065 1115 1103 acceperunt,
1135 1062 1297 1094 examini
1313 1062 1349 1093 et
1365 1060 1576 1094 defensioni
1589 1061 1782 1093 committo

143 1116 181 1147 et
205 1115 440 1157 derelinquo.

186 1170 257 1203 Sed
274 1171 373 1212 quia,
394 1172 496 1203 trans
510 1170 622 1213 Alpes
640 1172 795 1213 positus,
813 1172 901 1213 quid
917 1181 938 1204 a
952 1179 1076 1204 vestra
1089 1173 1228 1214 pietate
1248 1173 1469 1214 accepturus
1484 1180 1604 1204 essem
1617 1171 1779 1210 consilii,

142 1226 239 1259 scire
263 1235 336 1258 non
362 1228 543 1268 poteram,
572 1230 648 1259 tres
675 1227 827 1259 interim
858 1227 1023 1266 abbates,
1049 1228 1112 1268 qui
1143 1228 1379 1269 potissimum
1407 1228 1443 1259 in
1470 1236 1591 1260 meam
1615 1227 1779 1269 grassari

141 1282 364 1314 videbantur
376 1281 642 1323 innocentiam,
657 1282 746 1323 quia
758 1283 842 1315 viva
854 1291 944 1315 voee
961 1284 1088 1324 utpote
1104 1283 1236 1315 absens
1252 1292 1323 1314 non
1339 1283 1614 1324 potui,seriptis
1628 1283 1782 1324 propria

141 1345 252 1369 manu
285 1338 322 1369 et
346 1337 575 1369 transmissis
601 1336 917 1378 appellationibus
944 1337 989 1369 ad
1018 1339 1141 1370 vestre
1174 1337 1365 1370 audientie
1398 1338 1578 1370 trutinam
1610 1337 1780 1379 proximo

139 1391 274 1425 Letare
288 1390 526 1425 leerusalem
542 1401 792 1434 responsurus
817 1393 983 1432 evocavi,
1003 1394 1079 1425 tam
1105 1392 1151 1425 de
1169 1393 1227 1425 his
1256 1402 1367 1433 quam
1392 1393 1437 1425 de
1461 1393 1611 1432 ceteris,
1629 1393 1658 1425 si
1677 1393 1781 1424 vobis

140 1447 341 1486 videbitur,
367 1447 613 1489 appellandis,
639 1448 703 1489 qui
727 1448 851 1480 vestre
868 1448 1020 1490 pietatis
1046 1448 1192 1489 equitas
1211 1449 1400 1488 decernat,
1420 1449 1550 1482 audire
1567 1450 1719 1491 paratus
1744 1448 1782 1480 et

141 1504 276 1536 facere.

488 1578 560 1612 HS.
588 1579 630 1618 Q.
656 1580 688 1612 9.
716 1579 779 1613 182
796 1589 865 1613 van
883 1579 948 1613 het
966 1580 1137 1613 Museum
1152 1580 1432 1613 Hunterianum
1452 1582 1488 1613 te
1505 1580 1680 1623 Glasgow
1691 1579 1780 1620 (12²¹le

533 1635 651 1678 eeuw)
669 1646 678 1677 ς
718 1635 921 1678 afgedrukt
962 1636 1009 1677 bij
1040 1635 1170 1678 Ulysse
1211 1635 1368 1675 Robert,
1405 1635 1572 1669 Bullczire
1603 1634 1655 1667 (Iu.
1681 1644 1779 1678 pape

534 1689 674 1723 Calioete
688 1689 737 1730 II,
757 1689 841 1723 deel
859 1690 908 1729 ΙΙ,
930 1690 998 1722 blz.
1013 1689 1089 1730 414,
1109 1696 1147 1722 nr
1164 1689 1236 1723 25²⁸.

842 1832 905 1875 16
939 1825 1074 1888 (46⁷).

198 1962 252 2015 (c.
290 1961 539 2010 1175-1177,
567 1960 708 2003 Rome
726 1960 766 2015 2)
799 1959 1056 2016 Omstandig
1081 1961 1443 2005 verweersehrift
1465 1974 1548 2004 van
1572 1959 1777 2004 Lambert

138 2030 178 2072 le
202 2029 350 2086 Begue
367 2033 431 2072 tot
448 2028 640 2089 Calixtus
662 2029 724 2071 III
745 2029 920 2085 gericht
938 2044 1006 2072 om
1024 2030 1077 2073 de
1099 2031 1399 2088 aantijgingen
1418 2030 1556 2087 zijner
1572 2029 1777 2086 viJanden

137 2102 181 2142 te
199 2099 492 2154 weerleggen.
515 2122 572 2128 —
596 2098 703 2141 Veel
721 2098 842 2142 heeft
862 2113 960 2142 men
979 2104 1108 2156 tegen
1129 2099 1227 2142 hem
1247 2113 1328 2142 aan
1346 2100 1427 2142 den
1447 2113 1554 2155 paus
1575 2099 1779 2156 geschre-

137 2182 218 2211 ven
243 2182 297 2212 en
320 2167 484 2225 gezegd
512 2181 521 2218 ;
560 2181 615 2210 na
639 2168 722 2225 rijp
747 2168 926 2224 overleg
950 2168 1024 2211 wil
1048 2168 1106 2225 hij
1134 2182 1181 2210 er
1216 2172 1324 2224 punt
1349 2182 1453 2211 voor
1475 2171 1586 2225 punt
1608 2182 1660 2225 op
1683 2172 1778 2212 ant-

137 2237 359 2281 woorden.
402 2236 581 2279 Daaruit
619 2237 767 2279 leeren
801 2237 874 2294 wij
920 2238 997 2281 het
1035 2237 1248 2294 volgende
1271 2251 1278 2280 z
1323 2237 1392 2294 Hij
1432 2250 1524 2280 was
1562 2250 1645 2281 van
1679 2251 1779 2280 zeer

136 2307 342 2362 nederige
371 2305 577 2356 afkomst‚
605 2306 658 2348 de
690 2319 798 2348 zoon
832 2319 937 2349 eens
969 2307 1268 2350 timmermans
1286 2320 1339 2349 en
1362 2320 1494 2349 eener
1515 2306 1778 2362 deugdzame

136 2375 381 2432 behoeftige
421 2374 609 2417 moeder.
649 2374 718 2432 Hij
759 2375 961 2431 predikte
995 2375 1143 2418 vooral
1188 2388 1296 2418 voor
1328 2389 1497 2418 wevers
1531 2389 1584 2418 en
1617 2375 1778 2418 andere

137 2444 421 2488 werklieden.
449 2444 567 2487 Voor
589 2457 668 2486 een
693 2443 930 2488 dertiental
948 2445 1077 2502 Jaren
1097 2444 1291 2488 bekende
1311 2445 1368 2499 hij
1391 2445 1452 2489 uit
1475 2445 1601 2501 eigen
1635 2443 1778 2488 bewe-

136 2513 243 2570 ging
265 2528 346 2557 aan
388 2513 531 2570 zijnen
567 2511 787 2569 bisschop,
819 2514 892 2557 dat
927 2514 985 2571 hij
1027 2514 1120 2557 niet
1156 2528 1208 2569 op
1231 2514 1404 2557 zuivere
1438 2514 1561 2570 wijze
1598 2517 1663 2557 tot
1701 2514 1778 2558 het

136 2583 459 2639 priesterschap
482 2595 574 2624 was
600 2582 819 2625 verheven
845 2583 1081 2639 geworden
1104 2597 1113 2634 ;
1155 2597 1277 2626 maar
1302 2583 1361 2641 hij
1389 2583 1510 2627 werd
1533 2583 1652 2626 nooit
1673 2583 1779 2626 door

136 2652 278 2710 zijnen
303 2651 503 2707 bisschop
528 2651 590 2695 uit
615 2651 691 2694 het
713 2652 1037 2708 priesterschap
1070 2652 1316 2709 gebannen‚
1354 2653 1497 2695 zooals
1521 2651 1778 2710 valscheliJk

136 2720 339 2765 beweerd
374 2720 532 2771 wordt‚
573 2720 781 2763 ofschoon
821 2721 880 2778 hij
917 2721 1166 2765 sedertdien
1201 2722 1338 2765 onder
1377 2721 1430 2764 de
1470 2735 1609 2778 oogen
1641 2721 1780 2779 zijner

136 2789 341 2848 vijanden
366 2788 689 2846 onafgebroken
713 2789 765 2832 de
787 2794 1092 2834 sacramenten
1127 2791 1192 2833 als
1225 2791 1413 2847 priester
1434 2790 1555 2834 heeft
1577 2789 1774 2834 bediend.

137 2860 196 2903 De
219 2858 503 2902 kanunniken
523 2859 601 2901 der
617 2858 963 2902 St—Pauluskerk
988 2864 1031 2902 te
1049 2860 1173 2911 Luik,
1196 2859 1456 2903 waaronder
1479 2859 1573 2903 zieh
1596 2873 1674 2903 een
1699 2859 1778 2916 zij-

139 2941 218 2972 ner
240 2927 449 2985 heftigste
473 2927 677 2985 vijanden
701 2927 865 2985 (Daniel
879 2929 917 2986 ?)
938 2928 1131 2980 bevindt‚
1156 2928 1324 2972 hebben
1352 2929 1449 2972 hem
1469 2927 1772 2972 daarenboven
