2050 3470
747 592 1324 657 AANHANGSEL

993 755 1065 780 VAN

310 860 1059 913 NAGEKOMEN
1152 858 1762 912 STUKKEN‚

995 988 1056 1014 DIE

385 1091 687 1135 HIERBOVEN
720 1090 935 1134 MOETEN
976 1090 1304 1135 INGELASCHT
1342 1090 1575 1135 WORDEN
1605 1088 1679 1148 (1).

755 1365 852 1409 186
897 1357 1032 1422 (30bis
1051 1388 1114 1394 —
1139 1356 1318 1419 mobis).

275 1502 511 1544 1290-1291
531 1503 551 1545 ἓ
583 1502 743 1559 Parzjs
763 1502 783 1544 ,2
815 1499 1182 1545 Verzoekschrift
1199 1499 1306 1543 door
1323 1498 1375 1542 de
1391 1498 1617 1543 Fransche
1637 1496 1862 1554 hisschop-

208 1588 293 1631 pen
311 1576 378 1617 tot
395 1586 503 1630 paus
520 1571 728 1617 Nikolaas
747 1572 810 1615 IV
828 1570 1008 1628 gericht
1029 1573 1160 1627 tegen
1179 1569 1252 1613 het
1272 1568 1520 1612 aanstellen
1537 1582 1621 1611 van
1639 1567 1724 1611 den
1740 1566 1861 1623 prior

209 1644 286 1686 der
327 1642 550 1700 PariJ'sche
594 1640 914 1698 predikheeren
964 1640 1028 1683 als
1077 1638 1362 1695 bestendigen
1400 1637 1662 1693 inquisiteur
1697 1635 1742 1679 in
1780 1636 1858 1680 het

209 1711 466 1770 koninkrijk
504 1710 758 1768 Frankrijk.
782 1735 841 1743 -
857 1710 932 1753 Die
950 1708 1214 1766 predikheer
1230 1706 1380 1751 maakt
1403 1706 1615 1751 misbruik
1636 1719 1723 1750 van
1741 1705 1854 1764 zijne

209 1783 432 1826 volmacht
461 1795 515 1824 en
559 1780 742 1824 handelt
781 1779 988 1837 geregeld
1025 1777 1177 1823 buiten
1225 1777 1308 1821 den
1351 1775 1570 1833 bissehop.
1606 1776 1854 1832 Daartegen

210 1851 375 1895 zouden
400 1863 672 1906 voorzorgen
695 1852 872 1893 moeten
895 1862 1111 1905 genomen
1128 1847 1330 1890 worden.

254 1931 475 1973 Supplicant
491 1929 629 1972 prelati
643 1937 758 1971 super
771 1938 832 1969 eo,
857 1928 957 1970 quod
975 1928 1082 1961 sedes
1102 1925 1310 1969 apostolica
1325 1925 1494 1967 priorem
1510 1922 1673 1956 fratrum
1688 1921 1856 1964 predica-

207 1988 333 2020 torum
345 1986 614 2027 Parisiensem‚
640 1994 715 2018 non
733 1984 880 2018 adiecto
894 1983 1049 2026 proprio
1068 1983 1233 2021 nomine,
1252 1982 1480 2023 perpetuum
1497 1979 1668 2021 legatum
1683 1977 1800 2011 habet
1816 1977 1857 2010 in

209 2051 328 2085 regno
345 2042 507 2075 Francie
524 2042 570 2074 ad
588 2040 857 2082 inquirendum
873 2048 942 2082 per
959 2048 998 2072 se
1015 2038 1075 2072 vel
1092 2047 1161 2080 per
1184 2037 1301 2071 alium
1319 2037 1365 2069 de
1382 2035 1553 2069 heretica
1565 2034 1764 2077 pravitate.

254 2098 458 2130 Mouentur
487 2096 546 2129 his
575 2096 710 2135 causis,
738 2096 826 2137 quia
853 2095 907 2128 sic
940 2095 1079 2128 fratres
1106 2093 1264 2135 possunt
1294 2092 1490 2133 inquirere
1519 2091 1651 2123 contra
1674 2097 1856 2132 personas

211 2152 427 2186 nullatenus
445 2152 659 2185 diffamatas
678 2162 687 2193 ς
717 2152 748 2184 si
762 2160 860 2193 papa
877 2149 954 2183 illis
978 2149 1050 2182 hoc
1074 2149 1335 2188 concessisset,
1352 2147 1547 2180 videretur
1563 2145 1663 2187 quod
1691 2144 1738 2178 de
1764 2143 1856 2186 ipsis

210 2209 333 2251 magis
350 2208 515 2241 confidat
532 2216 645 2249 quam
663 2208 709 2240 cle
727 2207 804 2239 suis
829 2205 1075 2248 coepiscopis.

256 2264 341 2297 Non
366 2264 423 2297 est
450 2262 669 2302 verisimile,
704 2261 804 2304 quod
827 2262 967 2294 fratres
991 2261 1138 2294 tantum
1172 2259 1339 2292 habeant
1365 2258 1487 2292 zelum
1518 2257 1731 2290 animarum
1758 2255 1857 2288 sicut

211 2320 425 2352 ordinarius
442 2319 480 2352 et
491 2327 602 2351 verus
619 2319 761 2360 pastor.
776 2318 809 2350 A
826 2316 1087 2350 cardinalibus
1104 2316 1200 2349 bene
1213 2313 1428 2357 appellatur
1440 2314 1479 2346 in
1497 2321 1610 2346 causa
1622 2320 1858 2354 quacumque

212 2375 250 2407 et
268 2374 313 2407 ab
332 2383 405 2407 uno
420 2373 541 2406 fratre
557 2373 597 2405 in
615 2381 728 2405 causa
743 2373 822 2405 tam
838 2371 957 2404 ardua
974 2371 1072 2403 sicut
1089 2371 1146 2403 est
1159 2369 1304 2403 heresis
1321 2378 1396 2401 non
1409 2367 1679 2410 appellaretur.

255 2429 368 2462 Prior
381 2428 609 2462 Parisiensis
625 2428 797 2469 inquirit,
816 2437 892 2460 non
909 2428 1045 2460 uocato
1059 2426 1235 2468 episcopo
1253 2425 1327 2457 loci
1342 2435 1351 2466 ς
1369 2425 1498 2463 imm0,
1524 2424 1605 2465 ipso
1622 2423 1801 2465 presente
1816 2422 1858 2456 et

212 2486 346 2527 parato
364 2484 549 2517 interesse
563 2493 632 2526 per
648 2492 688 2516 se
705 2482 767 2516 uel
793 2492 861 2525 per
889 2482 1019 2522 alium,
1052 2482 1152 2523 quod
1176 2481 1233 2515 est
1257 2481 1390 2513 contra
1412 2479 1509 2521 iura,
1527 2487 1624 2521 quae
1654 2477 1789 2511 uolunt
1815 2478 1858 2511 ut

213 2541 390 2583 episcopo
410 2539 616 2573 auctoritas
635 2540 823 2572 seruetur.

256 2595 558 2628 Inconuenienta
574 2603 582 2627 ε
617 2595 834 2635 Numquam
861 2594 999 2626 fratres
1023 2592 1163 2626 uocant
1192 2591 1388 2634 episcopos
1409 2591 1456 2624 de
1484 2599 1719 2632 quacumque
1743 2599 1857 2623 causa

213 2652 342 2694 agitur
377 2651 423 2684 ad
455 2650 739 2691 inquirendum,
765 2650 844 2691 sed,
874 2649 1119 2690 inquisitione
1146 2648 1259 2688 facta,
1290 2646 1490 2680 consulunt
1513 2645 1732 2688 episcopum
1758 2645 1857 2679 sicut

214 2706 456 2740 consulerent
473 2714 751 2748 quemcumque
769 2704 886 2738 alium
902 2705 1129 2747 prudentem
1145 2703 1281 2736 virum.

259 2870 305 2912 (1)
331 2870 405 2904 Het
430 2870 554 2903 eerste
578 2870 700 2911 cijfer,
726 2878 797 2903 aan
815 2869 840 2901 't
855 2869 972 2902 hoofd
992 2878 1064 2901 van
1096 2867 1202 2901 ieder
1226 2867 1327 2908 stuk,
1353 2866 1461 2899 duidt
1484 2866 1530 2898 de
1553 2864 1736 2908 volgorde
1759 2873 1855 2906 aan3

215 2925 279 2958 het
293 2926 450 2962 tweede.
467 2926 512 2958 de
537 2925 658 2966 plaats
676 2934 780 2958 waar
797 2924 863 2957 het
879 2924 918 2956 in
937 2924 993 2956 dit
1017 2923 1201 2956 boekdeel
1226 2932 1293 2955 zou
1310 2922 1463 2954 moeten
1478 2920 1732 2963 ingeschoven
1760 2929 1856 2953 wor-

215 2980 287 3014 den
306 2990 315 3023 3
343 2989 390 3014 en
405 2980 471 3016 het
486 2980 616 3023 derde,
634 2981 680 3014 de
696 2980 818 3026 plaats
835 2988 938 3016 waar
955 2979 1021 3013 het
1037 2979 1077 3013 in
1096 2977 1235 3024 Corpus
1252 2978 1268 3012 I
1286 2986 1354 3012 zou
1369 2977 1522 3012 moeten
1537 2976 1656 3011 staan.
