2050 3470
301 289 367 322 240
1000 287 1137 321 ANNO
1165 288 1249 320 1420

306 398 531 440 competenti
551 397 620 429 sibi
648 405 715 438 per
733 397 892 430 eundem
922 396 1175 439 patriarcham
1204 405 1316 438 super
1340 395 1411 429 hoc
1439 396 1644 439 assignato,
1667 404 1795 429 coram
1823 404 1867 430 eo
1896 397 1934 430 in

303 453 444 493 judicio
473 460 707 493 comparens,
739 462 811 484 non
843 451 1070 494 compulsus,
1090 461 1164 484 non
1188 453 1352 490 coactus,
1381 451 1446 484 sed
1472 452 1605 492 sponte
1622 452 1661 484 et
1676 450 1811 492 libere,
1839 460 1935 493 puro

303 508 416 540 corde
434 508 471 540 ct
495 507 632 547 animo,
663 509 700 539 vt
726 516 791 540 ore
820 507 974 549 proprio
999 507 1160 546 dicebat,
1193 506 1355 539 asseruit
1384 507 1422 539 et
1447 507 1640 539 confessus
1669 506 1755 547 fuit,
1787 515 1828 540 se
1851 515 1937 540 cum

303 562 620 595 determinatione
633 562 732 595 dicte
749 562 883 604 synodi
900 562 1062 595 firmiter
1080 562 1236 595 credere
1265 560 1465 594 nonnullos
1483 570 1529 594 ex
1546 561 1689 595 eisdem
1706 561 1878 595 articulis
1896 562 1936 595 et

303 617 574 650 assertionibus
598 618 681 651 fore
698 617 866 651 heretica
890 616 976 651 labe
993 618 1165 659 intectos,
1195 617 1289 650 alios
1307 626 1498 659 erroneos,
1525 617 1671 658 aliquos
1695 616 1936 650 scandalozos

301 675 339 705 ct
356 673 567 714 seditiosos,
586 674 624 706 et
641 672 788 714 aliquos
806 673 1030 706 temerarios
1047 682 1090 706 ac
1103 672 1318 714 injuriosos,
1345 681 1387 706 ac
1404 681 1468 705 eos
1493 673 1644 714 penitus
1660 672 1869 706 reuocauit.
1886 671 1935 705 Et

302 727 569 761 nichilominus
581 729 794 769 juramento
819 728 1040 762 solemniter
1057 729 1248 770 professus
1276 729 1349 761 fuit
1372 736 1411 761 se
1429 737 1577 770 semper
1594 729 1696 761 stare
1721 728 1882 761 firmiter
1898 727 1937 760 et

301 783 479 824 fideliter,
498 793 582 816 cum
600 785 729 817 sancta
746 783 932 817 catholica
945 785 983 816 et
999 783 1206 826 apostolica
1221 783 1395 817 Romana
1419 784 1592 827 ecclesia,
1609 785 1648 817 in
1665 784 1743 818 suis
1759 784 1935 818 determi-

300 839 515 871 nationibus
532 843 570 872 et
584 839 899 880 ordinationibus,
918 838 995 871 illis
1012 847 1160 881 semper
1178 839 1401 880 obediendo,
1420 840 1458 873 in
1471 839 1544 882 hijs
1556 840 1772 882 presertim,
1799 848 1872 882 que
1888 840 1936 873 ad

300 895 413 928 fidem
439 895 632 937 pertinent
648 895 831 937 eandem3
857 895 971 929 etiam
997 895 1118 936 quoad
1133 896 1308 928 damnate
1325 896 1508 930 memorie
1531 896 1554 930 J
1558 895 1717 930 ohannis
1733 894 1876 930 Wiclef
1898 895 1937 928 et

298 949 321 982 J
326 948 485 982 ohannis
503 950 602 983 Huss
620 951 912 993 condempnatos
937 949 1131 992 articulos,
1147 959 1231 983 cum
1248 951 1383 992 quibus
1400 951 1517 993 aliqui
1534 960 1581 984 ex
1605 952 1748 986 eisdem
1765 949 1936 984 articulis

298 1006 338 1037 ct
355 1005 626 1039 assertionibus
654 1015 722 1048 per
740 1006 915 1040 eumdem
932 1005 1131 1039 Nicolaum
1156 1006 1361 1048 predicatis
1379 1007 1416 1039 et
1439 1006 1654 1049 publicatis,
1672 1007 1712 1039 vt
1729 1005 1934 1049 prefertur,

298 1061 572 1095 connexionem
585 1061 727 1096 habere
744 1063 962 1103 noscuntur,
981 1061 1301 1096 anathematizans
1315 1063 1353 1096 et
1365 1062 1555 1096 detestans
1569 1071 1699 1096 omnes
1712 1063 1751 1095 et
1762 1060 1934 1105 singulos

298 1115 454 1150 hereses
471 1118 509 1150 et
525 1126 677 1151 errores
701 1117 949 1151 articulorum
967 1117 1240 1160 predictorum,
1255 1118 1430 1160 quodque
1447 1118 1485 1151 in
1503 1118 1748 1151 sacramentis
1765 1118 1804 1150 et
1819 1116 1932 1150 claui-

299 1175 367 1207 bus
392 1173 490 1207 dicte
506 1173 679 1214 ecclesie,
697 1174 941 1207 veneratione
960 1174 1191 1214 sanctorum,
1211 1174 1250 1206 in
1266 1173 1420 1206 illorum
1434 1173 1605 1216 reliquijs
1617 1183 1661 1207 ac
1673 1173 1935 1217 indulgentiis,

299 1231 337 1263 in
355 1231 497 1263 vnitate
513 1230 632 1272 ipsius
649 1229 810 1263 ecclesie
834 1230 989 1272 integre
1009 1230 1048 1262 et
1072 1230 1241 1271 perfecte
1255 1229 1395 1271 absque
1413 1229 1526 1262 dubio
1543 1230 1786 1271 permaneret
1800 1239 1822 1271 3,
1841 1229 1880 1262 et
1906 1228 1938 1260 si

298 1286 379 1328 ipse
393 1288 526 1319 contra
537 1285 710 1328 predicta
723 1284 867 1327 aliquid
880 1285 1046 1318 senserit
1059 1286 1123 1318 aut
1136 1285 1393 1327 predicauerit
1409 1284 1559 1327 publice
1576 1283 1635 1317 vel
1652 1284 1936 1324 occulte,verbo

297 1341 354 1374 vel
373 1341 411 1373 in
430 1341 594 1383 scriptis,
615 1350 801 1374 canonum
825 1341 1023 1374 seueritati
1040 1349 1079 1373 se
1104 1340 1277 1381 subiecit,
1303 1340 1499 1382 ipsamque
1524 1339 1799 1373 confessionem
1821 1347 1934 1372 manu

296 1406 364 1430 sua
376 1397 531 1438 propria
548 1397 798 1439 subscriptam
812 1396 859 1430 ad
875 1405 1036 1439 regnum
1050 1396 1209 1429 Francie
1227 1396 1266 1429 et
1283 1396 1448 1428 studium
1472 1395 1700 1435 Parisiense‚
1719 1404 1763 1428 ac
1786 1394 1934 1428 nobiles

296 1454 335 1485 et
369 1453 660 1486 communitates
695 1453 954 1494 predictarum
989 1452 1240 1485 Tornacensis
1280 1452 1319 1484 et
1354 1451 1638 1485 Cameracensis
1673 1451 1871 1484 ciuitatum
1894 1450 1934 1483 et

297 1508 490 1541 diocesum
513 1518 557 1541 ac
596 1508 795 1550 opidorum
822 1507 1173 1541 circumiacentium
1197 1507 1313 1550 dirigi
1343 1507 1472 1547 voluit,
1502 1516 1549 1541 ne
1578 1506 1661 1548 quis
1692 1506 1845 1540 nomine
1872 1506 1931 1539 sui

296 1562 476 1596 articulos
516 1565 554 1597 et
586 1563 814 1596 assertiones
846 1563 1124 1605 suprascriptos
1149 1562 1402 1606 approbaret3
1426 1572 1519 1604 quos
1546 1562 1678 1604 voluit,
1707 1561 1862 1605 rogauit
1892 1562 1931 1594 et

296 1619 577 1660 obsecrabatur,
596 1629 643 1653 ne
660 1619 818 1653 vlterius
834 1619 915 1661 pias
929 1628 1040 1653 aures
1058 1619 1306 1659 offenderent,
1324 1617 1474 1661 publice
1488 1618 1535 1651 ad
1551 1627 1683 1652 eorum
1696 1617 1930 1652 destestatio-

295 1683 381 1708 nem
394 1675 583 1708 notoriam
600 1676 847 1709 concremari.

337 1729 387 1762 Et
420 1730 633 1763 successiue
668 1731 838 1773 prefatus
869 1729 1100 1772 patriarcha,
1126 1729 1215 1762 visis
1242 1737 1311 1771 per
1339 1737 1425 1762 eum
1453 1729 1492 1762 et
1519 1728 1724 1772 diligenter
1749 1727 1929 1772 inspectis

296 1785 468 1818 omnibus
485 1785 578 1818 actis
602 1786 641 1818 et
663 1785 841 1826 actitatis,
866 1785 1019 1826 habitis,
1044 1785 1212 1828 probatis
1237 1786 1275 1818 et
1302 1784 1483 1818 confessis
1507 1785 1546 1817 in
1563 1794 1675 1818 causa
1698 1784 1928 1826 huiusmodj,

294 1840 460 1882 ipsisque
479 1850 562 1873 cum
581 1840 781 1884 diligentia
796 1841 995 1874 recensitis
1012 1841 1050 1874 et
1073 1841 1310 1880 examinatis,
1329 1842 1368 1874 et
1391 1849 1504 1882 super
1527 1840 1600 1882 hijs
1624 1849 1709 1872 cum
1725 1839 1929 1881 archiepis-

294 1897 410 1938 copis,
429 1897 628 1939 episcopis,
643 1897 842 1930 abbatibus
859 1906 902 1930 ac
925 1897 1120 1940 magistris
1145 1897 1183 1930 et
1200 1896 1416 1929 doctoribus
1443 1896 1636 1938 predictis,
1654 1895 1929 1929 deliberatione

294 1953 443 1985 matura
457 1953 494 1985 et
510 1952 599 1985 fidei
615 1951 838 1994 prehabitis,
857 1952 904 1985 ad
921 1951 1191 1985 exaltationem
1208 1952 1297 1985 fidei
1315 1952 1353 1984 et
1368 1951 1541 1984 veritatis
1568 1950 1927 1991 manifestationem,

293 2014 362 2047 per
378 2014 483 2039 suam
500 2007 742 2040 diffinitiuam
766 2007 1005 2046 sententiam,
1024 2006 1139 2039 etiam
1156 2015 1225 2048 per
1241 2006 1468 2040 venerabilis
1484 2006 1615 2040 fratris
1631 2006 1752 2039 nostri
1769 2005 1927 2046 Thome‚

293 2062 460 2104 episcopi
489 2062 799 2104 Caputaquensis,
832 2064 871 2095 et
896 2062 1123 2095 dilectorum
1150 2061 1317 2095 filiorum
1332 2062 1507 2102 Roberti,
1533 2062 1681 2095 abbatis
1705 2061 1927 2095 monasterii

294 2116 563 2157 Cluniacensis,
578 2117 867 2151 Matisconensis
884 2117 1057 2157 diocesiS,
1072 2126 1115 2151 ac
1142 2117 1318 2150 Mauricii
1335 2118 1381 2150 de
1406 2117 1546 2160 Praga,
1565 2116 1759 2150 Guillelmi
1783 2116 1928 2150 Pulcri-

293 2173 454 2213 nepotis,
469 2173 639 2206 canonici
657 2173 813 2206 ecclesie
829 2172 1056 2213 Aniciensis,
1081 2173 1120 2205 in
1138 2173 1282 2206 eisdem
1298 2171 1495 2215 theologia
1511 2173 1549 2205 et
1563 2172 1712 2214 juribus
1728 2172 1927 2215 magistro-

291 2236 376 2260 rum
401 2230 439 2260 et
463 2229 672 2268 doctorum,
701 2228 1017 2270 subscriptionem
1044 2228 1217 2261 manibus
1244 2228 1408 2270 proprijS
1431 2228 1570 2261 factam
1597 2228 1636 2261 et
1666 2227 1926 2270 approbatam,

292 2284 570 2325 pronunciauit,
597 2285 767 2317 decreuit
784 2285 822 2318 et
846 2283 1055 2317 declarauit
1081 2284 1243 2317 eundem
1272 2283 1471 2317 Nicolaum
1494 2284 1534 2316 in
1551 2284 1768 2317 ciuitatibus
1785 2284 1927 2317 Torna-

292 2340 394 2372 censi
419 2341 457 2372 et
484 2340 747 2373 Cameracensi
772 2348 815 2373 ac
845 2340 1016 2382 partibus
1040 2339 1220 2381 predictis
1244 2348 1312 2381 per
1343 2349 1428 2372 suas
1450 2339 1565 2373 falsas
1590 2339 1926 2382 dogmatizationes

292 2394 473 2435 populum
504 2395 680 2428 infecisse
715 2395 755 2427 in
790 2395 1007 2428 scandalum
1043 2394 1203 2428 ecclesie
1239 2396 1276 2428 et
1312 2396 1445 2428 contra
1470 2395 1670 2428 veritatem
1697 2394 1786 2428 fidei
1812 2394 1926 2437 atque

292 2449 476 2483 bonorum
488 2460 647 2491 morum,
666 2450 827 2492 illosque
842 2451 1161 2493 periculosissime
1179 2450 1372 2483 seduxisse
1389 2452 1427 2483 et
1444 2450 1750 2483 circumuenisse.

333 2504 381 2537 Et
404 2506 491 2546 quia
519 2505 774 2547 quorumlibet
799 2505 1023 2539 delictorum
1039 2505 1201 2547 qualitas
1226 2507 1264 2538 et
1292 2506 1481 2546 quantitas
1511 2505 1745 2547 inspiciende
1768 2504 1867 2544 sunt,
1885 2505 1925 2538 et

290 2561 397 2602 Juxta
412 2560 498 2594 illas
511 2562 721 2603 penitentia
743 2562 947 2604 indicatur,
973 2562 1147 2595 ciuitates
1165 2563 1203 2594 et
1219 2562 1387 2595 dioceses
1402 2561 1682 2595 Tornacensem
1697 2560 1736 2594 et
1751 2560 1923 2594 Camera-

291 2625 441 2649 censem
459 2617 660 2658 predictas,
676 2618 714 2650 et
730 2617 929 2660 regionem
947 2617 1000 2650 eis
1026 2618 1244 2660 contiguam
1260 2617 1421 2660 triginta
1436 2617 1631 2650 leucarum
1647 2616 1782 2659 spatio,
1801 2616 1924 2649 eidem

290 2671 461 2712 Nicolao,
481 2673 603 2713 quoad
628 2673 786 2712 viueret‚
812 2681 855 2705 ac
872 2673 1066 2706 ciuitatem
1083 2674 1121 2706 et
1137 2673 1317 2706 diocesim
1330 2672 1585 2706 Parisiensem
1602 2680 1720 2714 usque
1733 2671 1780 2704 ad
1793 2671 1924 2704 decem

290 2735 407 2758 annos
432 2735 454 2758 a
478 2727 538 2760 die
561 2726 638 2760 late
663 2727 849 2760 sententie
866 2726 1082 2759 huiusmodi
1107 2727 1390 2768 computandos,
1408 2727 1476 2759 sub
1493 2736 1592 2768 pena
1613 2724 1924 2759 incarcerationis

290 2781 472 2821 perpetue
497 2781 637 2822 absque
666 2790 731 2822 spe
749 2781 914 2814 cuiusuis
931 2781 1165 2815 remissionis
1188 2781 1399 2821 interdixit,
1427 2781 1564 2824 ipsum,
1583 2781 1614 2814 si
1642 2779 1923 2820 contrafecerit,

290 2834 444 2867 brachio
463 2835 625 2869 seculari
641 2836 890 2877 relinquendo
910 2847 919 2877 ς
945 2846 1091 2870 necnon
1108 2837 1376 2879 apparentibus
1394 2837 1440 2870 de
1456 2837 1650 2880 premissis
1674 2835 1868 2870 erroribus
1883 2835 1923 2868 in

290 2890 423 2923 eodem
440 2890 596 2923 Nicolao
615 2892 853 2924 contritionis
877 2894 915 2924 et
939 2892 1237 2934 compunctionis
1254 2892 1372 2935 signis
1389 2901 1433 2926 ac
1448 2892 1566 2934 ipsius
1583 2892 1797 2927 voluntaria
1809 2901 1924 2935 super

290 2944 493 2979 salubriter
519 2946 757 2988 imponendis
784 2946 856 2979 sibi
884 2946 1128 2988 subiectione,
1155 2947 1194 2980 et
1219 2946 1373 2980 illorum
1395 2946 1531 2980 humili
1554 2948 1738 2990 petitione
1765 2947 1922 2991 preuijs,

290 3001 481 3042 prefatum
509 3000 708 3036 Nicolaum
735 3001 781 3036 ad
809 3002 997 3045 gremium
1025 3004 1152 3037 sancte
1179 3002 1311 3037 matris
1342 3002 1502 3038 ecclesie
1530 3002 1667 3038 deuote
1697 3003 1922 3039 redeuntem
