2050 3470
310 257 376 291 408
1005 256 1142 292 ANNO
1174 257 1257 291 1419

311 366 522 406 scripturis,
556 366 830 406 instrumentis,
860 367 1004 400 iuribus
1021 367 1058 401 et
1082 368 1327 401 munimentis
1363 368 1401 401 in
1429 367 1643 403 huiusmodi
1671 380 1784 405 causa
1807 371 1945 406 habitis

311 423 344 453 et
377 421 569 461 productis
594 431 637 454 ac
666 422 998 455 informationibus
1030 423 1191 465 desuper
1220 424 1344 466 factis,
1377 423 1533 466 eiusque
1565 435 1649 458 cum
1677 426 1877 470 diligentia
1907 429 1946 462 et

309 476 529 508 maturitate
561 476 687 509 debite
711 477 921 516 recensitis,
948 478 994 510 de
1022 478 1326 519 iurisperitorum
1344 487 1387 511 ac
1404 478 1651 520 prelatorum,
1675 490 1782 514 sacre
1805 483 1946 526 pagine

310 530 506 562 doctorum
524 532 561 563 ct
585 532 856 574 magistrorum
873 532 1116 566 multitudine
1140 534 1293 575 copiosa
1316 533 1473 566 consilio
1492 535 1530 566 et
1546 543 1713 575 assensu,
1740 537 1874 578 quibus
1898 539 1945 572 de

311 585 524 618 huiusmodi
543 595 654 620 cause
682 587 828 620 meritis
855 587 1081 621 relationem
1105 588 1316 630 plenariam
1344 589 1503 622 fecimus
1528 590 1566 622 et
1588 591 1753 631 fidelem,
1771 592 1943 634 prehabi-

310 642 423 681 taque
447 650 561 682 super
584 642 778 683 premissis
803 642 1077 676 deliberatione
1106 644 1267 684 matura,
1300 644 1346 676 ad
1379 645 1546 677 nostram
1577 646 1615 678 in
1640 645 1710 679 hae
1739 656 1851 681 causa
1874 648 1946 681 dif-

309 696 492 728 finitivam
520 698 787 739 proferendam
815 699 1042 731 sententiam
1067 699 1318 740 processimus
1343 707 1500 741 eamque
1524 709 1593 742 per
1609 710 1666 741 ea,
1695 710 1767 743 que
1783 702 1945 736 vidimus

309 753 343 784 et
364 753 620 794 cognovimus,
650 762 718 794 pro
748 753 847 786 dicto
878 753 1005 793 olavo,
1032 754 1256 797 instigatore
1282 763 1347 787 seu
1371 755 1590 796 promotore
1614 757 1741 797 officii,
1759 758 1797 791 et
1813 759 1945 792 contra

307 808 496 848 prefatum
522 809 679 841 fratrem
697 808 904 849 Matheum,
924 808 1185 851 principalem,
1204 810 1420 851 presentem
1437 810 1475 844 et
1492 811 1720 853 audientem,
1739 812 1778 845 in
1794 813 1944 856 scriptis

309 861 463 894 tulimus
488 864 524 895 et
549 862 871 906 promulgavimus
896 864 1110 898 huiusmodi
1135 866 1201 898 sub
1219 866 1375 898 tenore:

355 931 366 946 α
389 917 527 950 Christi
558 919 709 952 nomine
737 920 909 953 invocato
929 930 936 952 z

353 985 365 1001 α
389 972 523 1006 Oblato
554 983 682 1007 eoram
711 975 818 1008 nobis
846 976 985 1009 iudicio
1015 977 1052 1009 et
1078 978 1262 1019 producto
1291 979 1452 1020 quodam
1481 977 1683 1012 tractatulo
1712 987 1778 1012 seu
1813 979 1943 1013 libello

306 1037 327 1059 a
353 1028 513 1068 quodam
542 1029 660 1062 fratre
690 1029 843 1063 Matheo
873 1030 1034 1064 Grabow
1064 1032 1207 1064 ordinis
1231 1033 1525 1074 predicatorum,
1555 1033 1759 1066 conventus
1783 1033 1943 1067 wisma-

307 1082 455 1122 riensis,
485 1083 789 1126 Razeburgensis
811 1084 984 1125 diocesis,
1009 1087 1203 1128 provincie
1233 1087 1408 1127 Saxonie,
1434 1088 1549 1127 edito,
1584 1087 1689 1120 cuius
1715 1087 1944 1130 principium

306 1139 344 1170 et
372 1138 457 1170 finis
482 1138 643 1171 inferius
660 1139 938 1180 describuntur,
954 1141 1043 1182 quia
1059 1142 1143 1184 post
1160 1142 1384 1185 diligentem
1402 1143 1722 1176 examinationem
1738 1143 1828 1176 dicti
1845 1143 1942 1176 trac-

305 1192 414 1225 tatuli
439 1194 477 1226 et
507 1195 771 1227 contentorum
794 1196 833 1227 in
867 1197 1000 1229 eodem
1034 1197 1278 1239 eiusdemque
1310 1198 1440 1230 fratris
1464 1207 1533 1240 per
1560 1207 1641 1239 neS,
1670 1199 1799 1232 multis
1837 1208 1944 1232 sacre

307 1249 445 1290 pagine
461 1249 656 1291 magistris
674 1259 717 1282 ac
738 1251 935 1292 utriusque
952 1252 1046 1284 iuris
1063 1253 1280 1286 doctoribus
1297 1253 1476 1286 adhibitis
1494 1254 1532 1286 et
1548 1254 1775 1294 convocatiS,
1790 1254 1942 1294 factam,

306 1304 464 1336 servatis
478 1305 685 1346 servandis,
704 1306 806 1339 circa
822 1306 893 1339 hoc
907 1309 1142 1349 compertum
1159 1308 1228 1348 est,
1247 1309 1347 1350 quod
1365 1309 1486 1342 dietus
1503 1309 1727 1343 tractatulus
1751 1318 1817 1342 seu
1834 1309 1942 1342 libel·

307 1359 365 1391 lus
381 1360 550 1392 continet
573 1360 612 1393 in
637 1370 676 1393 se
689 1360 800 1402 plura
816 1371 922 1395 sacre
946 1363 1132 1405 scripture
1157 1373 1200 1396 ac
1217 1363 1324 1396 bonis
1341 1365 1509 1397 moribus
1536 1365 1741 1405 contraria,
1767 1374 1942 1405 erronea,

308 1416 540 1457 scandalosa‚
566 1419 868 1461 presumptuosa,
884 1419 1069 1454 iniuriosa
1091 1430 1133 1454 ac
1160 1421 1310 1463 piarum
1333 1421 1482 1454 aurium
1499 1421 1692 1461 offensiva‚
1721 1419 1944 1454 hereticalia

308 1482 349 1505 ac
379 1472 543 1506 heresim
570 1474 757 1516 sapientia
781 1475 819 1508 et
842 1475 1022 1517 precipue
1047 1476 1227 1516 quasdam
1250 1475 1457 1518 prehensas
1481 1476 1644 1509 assertas
1668 1475 1942 1516 conclusiones,

307 1537 463 1561 numero
489 1530 619 1563 decem
648 1531 686 1563 et
709 1531 867 1574 septem,
892 1541 960 1573 per
984 1532 1146 1565 eundem
1173 1533 1333 1565 fratrem
1357 1531 1551 1565 Matheum
1579 1530 1725 1564 oblatas
1752 1532 1790 1565 et
1813 1540 1945 1574 appro-

307 1584 425 1624 natas,
441 1594 600 1626 quarum
617 1585 794 1620 similiter
809 1587 1039 1629 principium
1056 1588 1094 1620 et
1111 1587 1197 1620 finis
1213 1588 1373 1621 inferius
1391 1587 1658 1627 annectuntur,
1684 1587 1722 1620 et
1744 1587 1784 1620 in
1800 1587 1943 1621 tracta-

307 1639 387 1672 tulo
411 1640 580 1682 predicto
607 1642 861 1684 continentur,
881 1643 958 1683 sed,
978 1643 1066 1684 quia
1089 1643 1261 1676 doctrina
1284 1644 1323 1676 in
1347 1643 1517 1685 predicto
1540 1643 1742 1676 tractatulo
1767 1642 1945 1676 contenta

307 1696 427 1728 dictas
452 1697 615 1729 assertas
639 1697 900 1731 conclusiones
927 1698 1190 1740 principaliter
1212 1700 1250 1732 et
1276 1699 1420 1733 directe
1448 1699 1647 1732 defensare
1671 1699 1710 1732 et
1733 1698 1944 1740 approbare

307 1750 454 1790 nititur,
481 1761 565 1784 cum
589 1752 714 1785 tamen
732 1754 863 1786 contra
888 1753 1137 1787 orthodoxam
1154 1755 1267 1788 fidem
1284 1763 1457 1794 erronee,
1476 1754 1693 1796 temerarie,
1711 1753 1943 1794 scandalose‚

307 1807 594 1848 presumptuose
620 1808 657 1840 et
685 1809 833 1850 piarum
862 1809 1011 1842 aurium
1036 1810 1217 1843 offensive
1241 1809 1467 1843 hereticales
1495 1819 1539 1843 ac
1565 1809 1731 1843 heresim
1753 1809 1944 1851 sapientes

308 1862 504 1894 evidenter
520 1863 698 1903 existunt,
711 1865 846 1905 quibus
864 1864 1015 1905 quidem
1033 1866 1226 1898 erroribus
1240 1866 1278 1897 in
1296 1866 1382 1905 fide,
1400 1865 1678 1898 temeritatibus
1689 1865 1727 1897 et
1739 1863 1942 1906 scandalis,

308 1917 380 1949 nisi
409 1917 612 1951 salubriter
629 1919 847 1952 obviaretur
863 1920 1040 1953 remediis
1069 1921 1278 1962 oportunis,
1308 1919 1582 1962 periculosiora
1605 1920 1759 1961 possent
1785 1919 1942 1958 exoriri,

307 1972 447 2004 idcirco
477 1974 522 2006 ad
549 1975 874 2007 conservationem
892 1977 930 2008 et
947 1975 1217 2009 exaltationem
1232 1976 1320 2008 fidei
1338 1976 1547 2008 orthodoxe
1564 1975 1810 2016 veritatisque
1827 1974 1943 2007 mani·

307 2029 549 2062 festationcm
562 2030 600 2061 in
620 2029 690 2062 hac
707 2031 828 2071 parte,
843 2031 991 2063 maturo
1005 2030 1211 2064 multorum
1224 2031 1458 2073 prelatorum
1471 2031 1509 2063 in
1523 2029 1719 2073 theologia
1732 2030 1770 2063 et
1782 2029 1944 2071 utroque

307 2084 390 2116 iure
404 2085 674 2127 magistrorum
691 2086 728 2118 ct
746 2086 943 2118 doctorum
961 2096 1106 2119 necnon
1121 2086 1283 2119 aliorum
1300 2087 1511 2128 peritorum
1525 2085 1800 2118 communicato
1818 2085 1935 2117 consi·
1967 2107 1971 2113 -

310 2139 373 2178 lio,
389 2149 456 2181 pro
470 2140 651 2173 tribunali
666 2142 839 2174 sedentes
854 2142 892 2175 et
905 2141 1026 2174 solum
1040 2142 1160 2175 Deum
1174 2151 1242 2184 pre
1256 2141 1374 2175 oeulis
1388 2141 1571 2174 habentes
1583 2150 1651 2183 per
1664 2140 1761 2174 hane
1774 2140 1942 2173 nostram

308 2195 545 2228 diffinitivam
563 2197 804 2235 sententiam,
819 2206 930 2238 quam
947 2197 1106 2230 serimus
1124 2198 1163 2230 in
1180 2197 1253 2230 hiis
1271 2197 1435 2239 scriptis,
1454 2197 1756 2238 pronuntiamus,
1773 2194 1942 2229 decerni-

307 2260 390 2282 mus
419 2251 457 2283 ct
484 2251 741 2284 declaramus:
781 2252 1042 2286 Tractatulum
1070 2261 1136 2285 seu
1168 2252 1339 2286 libellum
1375 2253 1413 2285 et
1447 2251 1707 2285 conclusiones
1734 2250 1942 2293 prehensas

307 2306 542 2347 supradictos
570 2307 686 2340 fuisse
715 2308 753 2339 et
777 2316 859 2340 esse
888 2308 928 2340 in
959 2308 1033 2340 fide
1061 2308 1099 2340 et
1131 2307 1239 2340 bonis
1267 2307 1435 2340 moribus
1467 2316 1660 2346 erroneOS,
1686 2306 1940 2346 scandalosos,

306 2361 521 2401 iniuriosos,
538 2362 772 2402 temerarios,
788 2363 1096 2405 presumptuosos
1109 2363 1334 2404 piarumque
1351 2362 1501 2395 aurium
1518 2362 1732 2401 offensivos,
1757 2360 1940 2394 heretica-

307 2417 361 2449 les
390 2418 427 2449 et
456 2416 620 2450 heresim
645 2417 848 2459 sapientes,
868 2427 1013 2451 necnon
1031 2419 1133 2460 ipsos
1150 2419 1191 2451 ut
1214 2418 1309 2451 tales
1334 2418 1603 2460 dampnandos,
1621 2416 1880 2458 reprobandos
1904 2416 1943 2449 et

307 2472 524 2505 abiciendos
542 2473 579 2505 et
596 2474 637 2505 ut
654 2473 746 2506 tales
763 2474 985 2506 cremandos
1007 2475 1103 2514 fore,
1129 2483 1172 2506 ac
1195 2474 1454 2515 dampnamus,
1472 2473 1732 2515 reprobamuS‚
1757 2472 1940 2505 abicimus

308 2528 345 2560 et
375 2528 604 2570 precipimus
633 2530 886 2571 concremari;
904 2530 1075 2562 districte
1091 2529 1306 2563 inhibemus
1330 2529 1478 2571 prefato
1502 2528 1613 2561 fratri
1638 2527 1789 2561 Matheo
1807 2528 1845 2561 et
1861 2527 1939 2569 qui-

308 2584 524 2624 buscunque
541 2583 853 2617 Christifidclibus
866 2585 934 2617 sub
952 2584 1202 2618 anathematis
1218 2584 1523 2617 incriminatione
1548 2593 1591 2616 ac
1609 2582 1693 2616 aliis
1709 2582 1801 2616 iuris
1817 2583 1940 2625 penis,

307 2648 353 2671 ne
377 2638 458 2680 ipse
475 2640 541 2671 aut
558 2639 772 2681 quicunque
796 2639 894 2673 alter
910 2639 1052 2673 dictum
1075 2639 1321 2673 tractatulum
1338 2648 1403 2673 seu
1421 2638 1594 2672 libellum
1619 2647 1662 2672 ac
1679 2637 1939 2671 conclusiones

306 2693 525 2735 prehensas,
543 2695 740 2727 contentas
752 2695 790 2727 in
805 2695 949 2734 eodem,
966 2695 1101 2728 audeat
1118 2696 1164 2728 de
1181 2696 1308 2728 cetero
1323 2694 1592 2738 dogmatizare,
1607 2701 1790 2733 asserere,
1808 2701 1940 2736 appro-

307 2749 410 2788 bare,
433 2750 564 2782 tenere
587 2749 645 2782 vel
671 2750 894 2792 defensare3
921 2750 1210 2792 pronuntiamus
1233 2751 1388 2792 insuper
1411 2751 1449 2783 et
1465 2749 1722 2783 declaramus:
1742 2748 1939 2782 Prefatum

307 2804 465 2836 fratrem
489 2804 694 2845 Matheum,
714 2814 760 2838 ne
777 2815 846 2847 per
862 2805 1076 2838 huiusmodi
1093 2805 1450 2848 dogmatizationem
1466 2805 1505 2838 in
1521 2804 1691 2846 predicto
1708 2813 1775 2836 suo
1792 2802 1937 2843 libello,

306 2860 347 2890 ut
360 2858 427 2892 tali
441 2860 642 2901 reprobato
657 2862 695 2894 et
711 2861 999 2903 condempnato,
1014 2861 1277 2894 contentorum
1302 2860 1397 2893 alios
1421 2861 1460 2893 et
1478 2859 1658 2903 precipue
1674 2859 1799 2902 ipsum
1821 2867 1938 2901 popu-

306 2913 383 2946 lum
421 2915 691 2957 potissimeque
729 2915 918 2958 simplices
949 2916 989 2949 in
1014 2916 1135 2958 opidis
1159 2916 1198 2949 et
1221 2916 1436 2949 civitatibus
1464 2915 1658 2958 provincie
1689 2913 1936 2956 Coloniensis,

306 2970 468 3003 maxime
484 2970 523 3003 in
540 2970 680 3004 diocesi
698 2971 932 3006 Traiectensi
949 2972 1166 3013 existentes,
1184 2971 1284 3005 inter
1297 2980 1409 3015 quem
1425 2971 1464 3005 et
1476 2980 1569 3016 quos
1585 2970 1732 3005 versari
1748 2970 1850 3004 visus
1863 2969 1936 3010 est,
