2050 3470
309 309 352 340 76
1001 296 1136 330 ANNO
1164 294 1246 328 1318

309 418 347 449 in
365 416 495 458 parata
512 411 671 454 pecunia
687 409 745 442 vel
765 417 833 451 per
850 408 1051 449 pignorum
1067 406 1278 438 cautionem
1296 414 1409 446 scquc
1426 406 1606 447 proximis
1619 407 1924 442 reconciliabunt.

309 472 388 509 Quo
402 471 512 507 faet0,
532 469 615 509 post
633 466 742 498 unius
762 465 848 497 anni
869 463 1041 504 spatium,
1061 463 1091 493 si
1115 462 1339 494 videbuntur
1368 462 1514 504 ydonei,
1539 463 1656 504 recipi
1681 465 1834 504 possunt
1857 463 1927 497 hoc

308 525 428 562 modo,
459 523 556 564 quod
574 521 806 563 promittant,
830 527 869 550 se
894 518 1020 549 divina
1037 518 1213 557 precepta
1229 518 1354 549 omnia
1370 518 1593 557 servaturos,
1613 527 1655 550 30
1672 518 1927 551 satisfacturos

306 581 350 612 dc
368 576 742 620 transgressionibus,
768 583 859 615 quas
889 572 1157 604 commiserunt
1181 573 1311 603 contra
1341 571 1439 604 hunc
1466 573 1614 605 vivendi
1645 573 1823 613 modum3
1855 579 1927 613 que

306 634 455 675 quidem
469 630 664 673 promissio
683 629 755 661 erit
773 628 810 660 in
828 627 976 668 scriptis
994 635 1060 667 per
1077 634 1227 658 manum
1242 625 1429 667 publicam
1445 627 1651 669 redigenda
1669 638 1677 668 ς
1707 626 1781 659 3110
1799 627 1925 660 autem

306 688 414 721 modo
448 686 572 721 nullus
599 684 807 725 recipietur
840 692 861 715 a
892 681 1090 722 ministris,
1120 680 1204 720 nisi,
1237 681 1450 714 conditione
1481 683 1518 715 et
1555 682 1740 715 instancia
1769 688 1929 722 persone

304 743 506 785 diligenter
521 739 709 778 discussis,
728 738 782 770 eis
801 736 912 769 aliter
936 736 1130 776 videatur3
1157 736 1283 777 sicque
1312 736 1410 768 dicto
1440 737 1548 769 modo
1573 737 1715 778 recepti
1744 735 1791 769 ad
1822 743 1928 768 suam

306 807 378 830 11011
396 797 584 834 redibunt,
614 793 677 826 sed
702 792 865 825 transire
891 791 1068 833 poterunt
1096 790 1141 823 ad
1166 789 1394 833 religionem
1423 790 1535 824 aliam
1559 792 1813 833 approbatam.
1832 791 1929 825 Item

305 852 484 885 mulieres
511 849 685 883 maritate
718 857 791 880 non
820 847 973 888 possunt
999 845 1098 878 hunc
1127 846 1296 878 ordinem
1335 846 1497 889 ingredi,
1535 846 1606 878 nisi
1637 847 1682 879 de
1709 846 1929 880 maritorum

304 916 458 940 suorum
471 905 625 938 licentia
639 904 676 936 et
689 910 883 936 consensu.

348 962 508 994 Habitus
525 961 650 993 autem
679 957 765 990 talis
784 957 870 998 erit,
895 955 1083 995 videlicet,
1103 956 1201 996 quod
1231 964 1379 988 sorores
1403 956 1606 990 induentur
1629 956 1802 998 clamide,
1819 965 1930 997 quam

303 1015 553 1058 intelligimus
565 1015 672 1057 juxta
690 1012 841 1045 modum
856 1011 1039 1050 clamidis,
1065 1020 1139 1052 qua
1156 1010 1321 1043 Minores
1335 1011 1468 1044 fratres
1485 1012 1648 1053 desuper
1663 1012 1718 1044 uti
1735 1010 1870 1052 solent,
1883 1011 1930 1044 de

305 1069 439 1103 humili
456 1078 578 1111 panno
584 1092 648 1100 .....
669 1068 706 1100 et
718 1066 844 1099 colore
859 1074 932 1097 non
945 1074 1098 1107 prorsus
1113 1064 1197 1097 albo
1212 1060 1273 1097 'vel
1289 1065 1411 1107 nigro,
1431 1075 1514 1098 cum
1531 1065 1732 1107 pellicione
1749 1067 1786 1099 et
1803 1066 1932 1099 tunica

305 1125 349 1157 de
374 1124 505 1157 eadem
531 1122 591 1155 vel
608 1122 740 1155 saltem
759 1130 843 1153 cum
857 1120 1015 1153 clamide
1032 1119 1253 1153 Swerneleti
1279 1129 1344 1153 seu
1370 1120 1633 1153 Placentinum
1649 1120 1726 1153 albi
1746 1120 1804 1153 vel
1829 1120 1931 1163 nigri

302 1179 452 1218 coloris,
472 1179 535 1210 aut
552 1176 799 1219 palludellum
817 1175 982 1217 amplum
1007 1175 1052 1208 de
1069 1184 1211 1216 canopo
1231 1175 1308 1207 sive
1325 1174 1440 1213 Iinno‚
1468 1176 1608 1217 absque
1626 1176 1840 1217 crispatura
1854 1175 1935 1208 ulla

302 1234 593 1277 consumtuosa33
604 1231 795 1274 Ligaturis
815 1231 947 1263 sericis
966 1240 1039 1262 non
1058 1231 1226 1269 utentur,
1255 1229 1374 1271 palles
1401 1231 1581 1263 duntaxat
1605 1230 1775 1272 agninas,
1801 1230 1933 1263 bursas

303 1291 340 1322 et
357 1278 599 1330 corrigiasde
616 1287 739 1319 corrio
757 1286 897 1327 absque
915 1286 1036 1318 serico
1056 1286 1093 1317 et
1120 1294 1192 1317 non
1211 1284 1303 1317 alias
1328 1285 1591 1326 deportabunt,
1610 1285 1762 1317 vitando
1779 1286 1934 1318 cunctas

305 1343 421 1376 seculi
438 1343 632 1375 vanitates.
663 1342 719 1374 Ab
739 1350 803 1374 esu
822 1341 991 1373 carnium
1006 1340 1181 1379 secunda,
1198 1341 1332 1380 quarta
1348 1341 1386 1372 et
1398 1342 1503 1373 sexta
1515 1340 1612 1372 feria
1628 1341 1738 1381 atque
1762 1340 1933 1372 sabbatto

305 1398 556 1436 abstinebunt,
575 1397 761 1435 universe,
778 1395 850 1428 nisi
864 1395 1095 1427 infirmitatis
1108 1394 1167 1427 vel
1181 1394 1387 1427 debilitatis
1400 1395 1578 1427 instantia
1595 1394 1695 1427 aliud
1713 1394 1931 1435 suadeat3...

304 1453 424 1484 inueis
437 1453 480 1492 (ζ)
494 1454 531 1484 et
556 1461 688 1484 carnes
705 1460 772 1492 per
789 1451 956 1483 triduum
972 1450 1052 1482 dari
1071 1451 1238 1491 possunt.
1258 1449 1354 1482 Item
1372 1459 1445 1482 non
1463 1449 1730 1482 subtrahentur
1746 1458 1877 1482 carnes
1894 1449 1934 1482 in

303 1508 439 1540 itincre
464 1507 690 1539 constitutis.
718 1506 860 1538 Diebus
879 1506 1004 1537 autem
1021 1503 1118 1544 aliis,
1137 1505 1272 1545 quibus
1298 1505 1483 1537 ieiunium
1500 1514 1573 1536 non
1590 1505 1771 1543 servatur,
1798 1504 1878 1537 ovis
1895 1505 1934 1537 et

304 1571 411 1595 caseo
429 1563 584 1603 possunt
600 1562 679 1602 uti;
706 1560 864 1602 prandio
891 1561 929 1593 et
945 1568 1037 1592 cena
1054 1559 1099 1592 de
1131 1559 1205 1598 die,
1235 1560 1401 1601 exceptis
1432 1558 1634 1601 languidis,
1662 1559 1867 1592 viatoribus
1896 1560 1934 1592 et

304 1618 476 1657 infirmis,
495 1618 668 1649 contente
686 1617 808 1649 erunt.
830 1614 1006 1653 Qualibet
1023 1616 1128 1647 sexta
1141 1615 1291 1648 feria...
1308 1615 1368 1647 die
1384 1614 1499 1647 natali
1518 1615 1668 1647 Domini
1685 1616 1722 1647 et
1743 1613 1931 1654 similiter,

305 1681 326 1704 3
350 1673 444 1704 festo
464 1673 630 1704 omnium
655 1672 870 1703 sanctorum
900 1679 1017 1711 usque
1046 1669 1204 1709 Pascha,
1231 1671 1365 1710 quarta
1381 1671 1418 1702 et
1445 1671 1550 1702 sexta
1572 1669 1680 1708 feria,
1698 1668 1931 1708 ieiunabunt‚

305 1727 377 1758 nisi
402 1727 623 1759 infirmitate
639 1725 698 1758 vel
724 1725 799 1758 3113
824 1734 936 1758 causa
960 1724 1132 1766 legitima
1157 1725 1393 1764 excusentur,
1434 1724 1509 1757 alia
1532 1724 1776 1757 nihilominus
1792 1723 1934 1756 ieiunia

306 1782 351 1814 ab
381 1781 540 1813 ecclesia
556 1781 615 1814 vel
643 1780 729 1813 aliis
760 1780 962 1813 ordinariis
989 1780 1161 1812 instituta
1185 1781 1389 1812 servature.
1425 1779 1521 1812 Item
1545 1780 1584 1811 in
1608 1779 1933 1822 quadragesimam

305 1836 421 1868 sancti
437 1835 598 1879 Martyni
616 1844 733 1877 usque
748 1834 872 1867 natale
889 1834 1041 1867 Domini
1058 1835 1095 1866 et
1109 1843 1130 1867 a
1143 1834 1330 1866 dominica
1342 1834 1630 1876 quadragesima
1641 1842 1760 1875 usque
1773 1833 1931 1872 Pascha,

305 1895 471 1936 exceptis
506 1892 638 1924 diebus
677 1890 888 1928 dominiciS,
931 1890 1003 1921 nisi
1045 1889 1244 1921 infirmitas
1284 1889 1343 1921 vel
1383 1889 1585 1922 necessitas
1624 1888 1726 1921 aliud
1764 1888 1930 1928 suadeat,

305 1949 536 1982 ieiunabunt.
565 1946 661 1979 Item
684 1947 742 1977 ter
766 1945 805 1976 in
831 1954 942 1984 anno,
960 1943 1137 1976 videlicet
1153 1943 1282 1983 natali,
1308 1943 1585 1976 resurrectione
1609 1944 1646 1976 et
1669 1943 1931 1983 Penthecoste,

303 2003 581 2036 confitebuntur
604 2000 758 2042 pecc-ata
784 2007 851 2031 sua
867 2000 905 2030 et
929 1998 1114 2039 recipient
1139 1997 1366 2030 eucharistie
1392 1999 1678 2036 sacramentum,
1703 2006 1743 2030 se
1766 1997 1930 2030 reconci-

302 2058 427 2090 liando
452 2056 632 2099 proximis
665 2055 702 2087 et
735 2053 967 2086 restituendo
998 2052 1132 2085 aliena.
1171 2052 1215 2085 In
1239 2053 1527 2095 quadragesima
1553 2053 1671 2085 sancti
1704 2052 1869 2095 Martyni
1895 2053 1933 2085 et

303 2113 417 2145 etiam
446 2112 630 2144 maiorum
648 2108 840 2147 ecclesias,
862 2108 899 2140 in
927 2117 1086 2148 quarum
1112 2106 1300 2149 parochiis
1324 2107 1507 2148 habitant,
1528 2107 1812 2140 matutinalibus
1828 2106 1932 2139 horis

304 2167 471 2205 adibunt,
490 2166 562 2198 nisi
580 2165 625 2197 de
650 2164 720 2196 hac
737 2172 850 2196 causa
874 2161 1152 2195 rationabiliter
1179 2163 1417 2194 excusentur.
1446 2162 1542 2195 Item
1563 2162 1663 2194 infra
1685 2162 1762 2195 tres
1785 2170 1931 2194 menses

302 2222 505 2254 inmediate
529 2220 613 2261 post
640 2227 771 2251 earum
801 2218 1016 2260 ingressum
1042 2218 1268 2249 testamenta
1283 2217 1445 2249 condent
1461 2217 1498 2250 et
1514 2217 1559 2249 de
1576 2217 1683 2249 bonis
1707 2217 1784 2249 suis
1801 2215 1932 2258 dispo-

302 2278 403 2309 nent.
423 2276 532 2316 Item,
549 2275 580 2307 si
599 2275 730 2306 contra
756 2273 814 2305 ius
832 2271 890 2304 vel
908 2271 1109 2314 privilegia
1123 2280 1252 2304 earum
1270 2273 1467 2310 vexentur,
1485 2271 1649 2304 ministri
1672 2271 1869 2304 recurrent
1886 2270 1931 2303 ad

302 2331 552 2372 dyocesanum
591 2329 656 2362 aut
694 2327 788 2360 alios
819 2326 989 2359 locorum
1022 2326 1233 2358 ordinarios
1266 2326 1372 2359 iuxta
1409 2335 1540 2359 eorum
1579 2325 1857 2358 ordinationem
1894 2325 1933 2358 et

306 2384 506 2417 consilium
522 2382 758 2425 processum
788 2382 946 2423 ipseque
973 2389 1121 2413 sorores
1138 2381 1175 2413 in
1193 2381 1270 2413 suis
1286 2379 1420 2423 litigiis
1444 2389 1570 2413 coram
1586 2379 1652 2412 illo
1677 2380 1828 2413 stabunt
1841 2380 1929 2420 iuri,

304 2440 401 2481 apud
430 2448 541 2481 quem
565 2438 706 2471 residet
726 2437 895 2478 potestas
915 2435 1115 2468 iudicandi.
1145 2435 1241 2468 Item
1270 2436 1355 2468 sunt
1379 2435 1510 2468 saltem
1539 2434 1654 2467 semel
1677 2435 1716 2467 in
1733 2435 1930 2468 31111ον151-

303 2495 425 2528 tande.
461 2494 621 2535 Insuper
648 2491 905 2524 humilitatem
937 2490 1049 2532 panni
1082 2491 1119 2522 et
1149 2489 1368 2531 pelliciones
1396 2499 1567 2522 sororum
1591 2489 1637 2522 ad
1665 2491 1811 2531 tempus
1838 2490 1875 2522 et
1892 2489 1930 2522 in

303 2548 554 2586 abstinentiis,
574 2546 729 2579 ieiuniis
756 2548 793 2578 et
819 2545 1103 2578 austeritatibus
1131 2544 1216 2577 aliis
1239 2553 1285 2577 ex
1310 2554 1422 2577 causa
1451 2544 1624 2586 legitima
1647 2553 1731 2576 cum
1753 2543 1930 2585 expedire

302 2603 478 2642 viderint,
504 2602 682 2644 poterunt
709 2599 893 2632 ordinarii
922 2599 1089 2632 locorum
1105 2599 1164 2632 vel
1188 2600 1360 2632 visitator
1376 2608 1460 2632 cum
1482 2599 1662 2631 fratribus
1686 2599 1724 2631 et
1740 2599 1931 2631 sororibus

303 2658 392 2690 dicti
421 2657 525 2690 tertii
555 2655 698 2688 ordinis
729 2655 962 2696 dispensare,
980 2655 1092 2695 prout
1117 2653 1187 2687 hec
1211 2655 1248 2686 et
1274 2654 1421 2687 diversa
1443 2652 1519 2686 alia
1541 2653 1587 2685 de
1614 2652 1747 2695 regula
1762 2653 1930 2686 eiusdem

304 2712 458 2750 ordinis,
494 2719 567 2752 que
599 2709 644 2742 ad
668 2718 826 2751 presens
859 2717 974 2741 causa
1005 2709 1200 2741 brevitatis
1224 2708 1441 2749 omittimus,
1473 2708 1633 2740 vidimus
1664 2708 1703 2740 in
1730 2706 1930 2750 privilegio

304 2765 445 2797 domini
464 2764 650 2807 Nycholai
671 2772 766 2805 pape
785 2763 910 2804 quarti
928 2763 1078 2805 plenius
1095 2763 1291 2802 contineri,
1316 2772 1428 2805 super
1456 2762 1603 2804 quibus.
1628 2762 1660 2795 si
1687 2772 1778 2804 opus
1800 2762 1927 2802 fuerit,

304 2820 349 2852 ad
366 2821 488 2861 ipsum
513 2819 761 2861 privilegium
784 2819 1018 2852 recurratur.
1038 2818 1211 2852 Ceterum
1225 2819 1364 2851 virtute
1380 2817 1570 2860 privilegii
1587 2817 1727 2850 domini
1744 2818 1930 2851 Bonifacii

303 2883 398 2916 pape
411 2874 532 2907 octavi
550 2875 707 2916 possunt
729 2874 802 2915 ipsi
820 2874 958 2905 fratres
975 2874 1011 2906 et
1025 2882 1173 2905 sorores
1190 2882 1212 2905 a
1226 2873 1406 2905 fratribus
1422 2872 1564 2905 ordinis
1581 2872 1769 2905 Minorum
1791 2872 1929 2906 eucha-

303 2928 410 2960 ristie
426 2927 622 2969 percipere
641 2927 941 2968 sacramentum,
958 2930 1195 2969 preterquam
1212 2927 1251 2959 in
1268 2927 1363 2959 festo
1380 2926 1538 2965 Pasche,
1559 2927 1598 2959 in
1615 2935 1687 2968 quo
1711 2935 1779 2968 pro
1795 2926 1930 2960 divinis

303 2981 499 3015 audiendis
524 2983 563 3014 et
589 2981 726 3015 eodem
745 2982 979 3015 sacramento
1000 2981 1214 3025 recipiendo
1238 2990 1322 3015 suas
1344 2980 1590 3025 parochyales
1612 2979 1790 3015 ecclesias
1804 2981 1928 3016 visita-
