2050 3470
315 310 379 345 160
1008 305 1145 341 ANNO
1171 304 1254 341 1397

317 420 635 466 Utrechtschen
656 418 857 475 bisschop
878 416 932 461 de
952 417 1166 474 toelating
1186 421 1232 462 te
1263 429 1430 474 vragen
1452 430 1520 462 om
1542 432 1690 463 samen
1712 431 1766 463 en
1788 418 1833 462 in
1864 431 1941 476 ge·-

315 489 574 546 meenschap
595 503 682 532 van
704 487 919 545 goe-deren
941 489 986 531 te
1007 500 1164 543 mogen
1183 500 1356 531 wonen.

354 566 527 610 Sequitur
541 566 721 608 scriptum
736 564 879 598 domini
901 567 935 597 et
951 563 1123 606 mayistm'
1133 562 1322 597 Euerardz·
1333 563 1439 603 Foec,
1457 562 1588 596 decani
1601 563 1721 605 sancti
1735 561 1941 597 saluatoris

319 622 569 661 Traiectensz's,
606 619 788 663 licenciagj
820 621 861 652 in
893 624 1050 663 utroque
1075 619 1181 662 jure,
1217 628 1330 662 super
1366 617 1588 663 quibusdam
1625 617 1749 661 dubijs
1781 617 1940 662 inferius

309 678 509 711 annotatis.

354 733 484 766 Primo
503 732 688 774 queritur,
707 732 834 764 utrum
859 731 940 765 sine
957 731 1100 764 offensa
1115 731 1211 773 juris
1228 729 1538 772 aliquibus'extra
1552 730 1780 773 religionem
1792 729 1838 763 de
1861 730 1939 764 suis

310 788 418 821 bouis
431 787 715 830 temporalibuS,
742 787 772 819 si
798 796 872 828 qua
888 787 1039 827 habent,
1058 796 1100 820 ac
1119 786 1165 819 de
1189 786 1381 820 laboribus
1397 795 1575 820 manuum
1599 795 1752 819 suarum
1773 785 1939 819 viventi-

309 844 377 877 bus
395 843 612 876 cohabitare
637 841 750 876 liceat
767 844 806 876 et
820 843 946 876 vivere
962 842 1002 875 in
1018 842 1219 875 communi.

351 899 535 938 Secundo,
561 899 688 931 utrum
706 898 756 930 sit
771 897 930 939 licitum,
957 898 1057 939 quod
1080 897 1135 931 sic
1152 897 1264 931 simul
1281 898 1557 931 commorantes
1581 897 1817 940 superiorem
1837 897 1939 931 inter
1966 912 1970 915 ·

306 964 345 988 se
365 964 439 988 non
463 953 646 988 habentes
671 962 740 987 nec
772 954 1045 987 constituentes
1062 962 1337 995 quamcumque
1355 962 1469 996 super
1492 962 1556 987 eos
1579 944 1805 995 potestatem
1825 953 1939 996 J'uris-

306 1008 548 1043 dictionalem
572 1007 787 1049 habentem,
813 1009 859 1042 ab
887 1008 1053 1042 inuicem
1078 1010 1206 1042 tamen
1228 1008 1288 1042 vel
1306 1007 1494 1050 aliquibus
1511 1017 1641 1042 eorum
1653 1017 1782 1042 curam
1805 1008 1937 1042 domus

305 1064 530 1099 habentibus
554 1063 713 1097 consilia
728 1063 916 1106 recipiant
931 1065 970 1097 et
993 1064 1033 1097 in
1050 1064 1271 1097 obediencia
1284 1063 1454 1096 caritatis
1470 1064 1724 1106 acquiescant.

350 1120 498 1160 Tercio,
524 1129 571 1153 an
589 1119 704 1152 liceat
721 1118 910 1161 aliquibus
924 1119 1052 1153 claues
1073 1120 1111 1153 et
1125 1119 1430 1162 J'urisdictionem
1446 1128 1520 1152 non
1532 1118 1758 1152 habentibus
1781 1119 1937 1162 tempta-

305 1175 431 1208 ciones
459 1176 497 1208 et
511 1174 706 1217 passiones
723 1175 848 1209 anime
877 1174 935 1209 vel
961 1184 1138 1209 excessus
1165 1175 1296 1218 gracia
1326 1174 1538 1217 recipiendi
1559 1173 1703 1217 consilij
1728 1173 1788 1208 vel
1804 1173 1932 1217 auxilij

303 1229 487 1264 revelare.
1726 1268 1729 1271 ,

347 1285 501 1325 Quarto,
540 1285 668 1318 utrum
699 1284 747 1318 sit
785 1283 932 1318 licitum
970 1294 1076 1319 sacre
1106 1285 1293 1328 scripture
1325 1284 1444 1318 libros
1466 1285 1506 1318 in
1543 1283 1693 1328 vulgari
1732 1284 1853 1318 editos
1874 1283 1949 1333 vel*

302 1340 504 1374 translatos
520 1339 651 1383 legere
676 1341 714 1373 et
736 1339 889 1374 habere.

346 1396 497 1437 Quinto,
515 1404 563 1428 an
587 1395 641 1428 sic
665 1395 777 1428 simul
803 1396 1124 1429 commorantibus
1148 1396 1262 1430 liceat
1284 1397 1454 1430 fraterna
1477 1395 1723 1439 correpcione
1747 1395 1786 1428 et
1800 1394 1934 1429 carita-

301 1451 381 1484 tiua
398 1451 673 1484 ammonicione
693 1460 733 1484 se
750 1451 915 1485 inuicem
933 1452 1127 1494 corripere
1143 1453 1182 1485 et
1198 1452 1426 1485 ammonere.

343 1506 467 1546 Sexto,
485 1507 613 1539 utrum
629 1507 802 1549 personis
819 1507 1013 1549 premissis
1027 1507 1141 1542 liceat
1157 1507 1268 1541 simul
1285 1509 1392 1550 operi
1408 1517 1587 1542 manuum
1603 1508 1746 1541 eisdem
1762 1508 1800 1541 et
1812 1507 1933 1541 deter-

300 1562 452 1595 minatis
469 1562 702 1604 temporibus
725 1563 913 1604 insistere,
938 1563 1040 1597 infra
1062 1573 1231 1597 mensam
1254 1573 1400 1597 sacram
1416 1563 1618 1597 lectionem
1641 1563 1804 1597 recitare
1820 1563 1933 1596 alias-

301 1626 372 1659 que
385 1617 598 1650 huiusmodi
611 1618 692 1659 pias
709 1618 999 1652 consuetudines
1018 1628 1083 1652 seu
1099 1620 1226 1652 ututut
1239 1620 1533 1653 assuefactiones
1548 1619 1693 1662 pariter
1710 1619 1930 1653 obseruare.

345 1673 523 1715 Septimo,
552 1674 681 1706 utrum
708 1673 911 1715 inquisitor
941 1674 1110 1708 heretice
1139 1675 1341 1717 prauitatis
1371 1676 1496 1717 potest
1519 1675 1709 1716 inquirere
1734 1674 1780 1707 de
1801 1674 1880 1707 vita
1896 1675 1934 1706 et

299 1729 591 1761 conuersacione
618 1729 874 1770 predictarum
900 1738 1147 1772 personarum
1171 1731 1224 1764 sic
1252 1731 1359 1764 extra
1382 1730 1609 1773 religionem
1625 1729 1736 1763 simul
1761 1729 1930 1763 habitan-

297 1783 392 1816 tium
418 1785 455 1817 et
471 1783 686 1817 viuencium
704 1783 744 1817 in
761 1785 963 1817 communi.

339 1839 398 1872 Ad
422 1839 596 1881 primam,
615 1838 721 1872 salua
742 1839 903 1873 veritate
929 1848 972 1873 ac
997 1840 1191 1874 sentencia
1218 1849 1528 1882 quorumcunque
1552 1840 1653 1873 circa
1675 1839 1747 1873 hoc
1769 1839 1931 1873 discrete

297 1893 578 1934 arbitrancium,
614 1902 690 1926 non
715 1895 880 1927 occurrit
903 1894 996 1927 mihi
1013 1895 1326 1937 jmpedimentum
1350 1896 1584 1938 canonicum,
1610 1894 1708 1937 quod
1732 1893 1932 1937 prohibeat

298 1948 446 1990 aliquos
461 1950 569 1982 extra
591 1949 818 1992 religionem
834 1949 945 1983 simul
962 1949 1137 1984 habitare
1161 1952 1198 1984 et
1215 1951 1260 1984 de
1276 1951 1440 1994 proprijs
1457 1951 1564 1984 bonis
1579 1950 1642 1984 uel
1658 1950 1768 1983 iustis
1784 1949 1931 1983 labori-

298 2003 367 2036 bus
383 2004 514 2037 viuere
536 2004 577 2036 in
593 2005 783 2038 communi
799 2005 972 2048 exemplo
997 2005 1149 2046 Christi,
1168 2006 1275 2039 cuius
1291 2006 1389 2039 actio
1407 2007 1536 2039 nostra
1558 2007 1615 2039 est
1636 2005 1848 2045 instructio,
1873 2013 1928 2038 ar.

297 2057 391 2100 xliiij
429 2058 479 2091 di.
510 2059 600 2103 quin
625 2063 752 2092 autem
769 2059 883 2103 palea
907 2060 977 2100 est,
1011 2060 1115 2102 xxiij.
1147 2070 1181 2102 q.
1207 2060 1276 2102 iiij.
1310 2058 1496 2102 Infideles.
1534 2060 1631 2093 Nam
1664 2058 1780 2094 talem
1812 2059 1929 2093 vitam

296 2112 467 2146 Christus
480 2123 566 2146 cum
582 2113 762 2156 apostolis
775 2115 937 2148 tenendo
955 2115 1155 2148 dedicauit.
1174 2115 1222 2149 Et
1240 2114 1400 2157 apostolj
1420 2124 1463 2148 ac
1480 2114 1738 2157 apostolorum
1753 2114 1929 2157 discipuli

295 2169 333 2202 et
349 2169 428 2202 tota
445 2169 642 2211 primitiua
658 2170 819 2204 ecclesia
834 2170 950 2204 talem
965 2171 1081 2204 vitam
1105 2172 1143 2204 et
1159 2172 1298 2203 statum
1314 2172 1519 2204 tenuerunt
1542 2171 1581 2204 et
1596 2171 1926 2211 continuauerunt,

294 2225 337 2256 ut
364 2225 460 2266 petit
486 2224 650 2257 Actuum
666 2225 740 2267 iiij⁰
767 2227 806 2259 et
822 2227 1037 2268 expressius
1065 2227 1104 2259 in
1135 2236 1279 2260 canone
1302 2227 1367 2269 xij.
1396 2236 1431 2268 q.
1466 2226 1497 2259 1.
1523 2225 1790 2259 Dilectissimus
1806 2227 1844 2259 et
1858 2234 1928 2268 per

294 2280 416 2312 totum
429 2280 550 2313 eciam
567 2280 774 2322 capitulum
790 2280 932 2315 Scimus
948 2292 955 2314 :
983 2282 1127 2316 Scimus
1144 2292 1209 2315 vos
1225 2283 1363 2315 fratres
1380 2292 1454 2315 non
1471 2282 1662 2325 ignorare,
1689 2282 1787 2323 quod
1803 2281 1927 2315 hacte-

296 2344 365 2367 nus
381 2335 459 2368 vita
475 2336 682 2368 communis
707 2336 807 2370 inter
831 2346 960 2371 omnes
983 2337 1209 2370 christianos
1232 2338 1353 2380 viguit
1378 2339 1416 2370 et
1443 2337 1488 2370 de
1512 2338 1643 2380 gracia
1669 2337 1739 2370 Dei
1762 2336 1866 2378 viget
1889 2336 1927 2368 et

294 2390 456 2424 maxime
472 2391 572 2424 inter
590 2399 655 2424 eos
672 2392 736 2432 qui
752 2392 792 2424 in
809 2393 950 2426 sortem
967 2392 1118 2426 Domini
1134 2393 1257 2426 vocati
1274 2393 1373 2433 sunt,
1392 2393 1488 2425 sicut
1504 2393 1543 2425 in
1560 2392 1714 2427 Actibus
1731 2390 1927 2434 apostolo-

291 2454 403 2478 rum:
430 2445 686 2479 Multitudinis
714 2447 955 2481 credencium
980 2450 1062 2481 erat
1092 2457 1158 2481 cor
1172 2457 1289 2481 unum
1317 2449 1354 2481 et
1385 2448 1509 2481 anima
1536 2457 1612 2481 una
1635 2456 1704 2481 nec
1727 2447 1925 2489 quisquam

290 2507 422 2531 eorum
438 2507 534 2539 quae
550 2499 779 2540 possidebat,
799 2499 945 2542 aliquid
974 2501 1170 2542 proprium
1202 2510 1284 2534 esse
1316 2501 1476 2540 dicebat,
1502 2501 1567 2533 sed
1592 2502 1700 2534 erant
1722 2499 1800 2532 illis
1827 2508 1925 2532 com-

291 2553 420 2586 munia
451 2553 588 2586 omnia.
627 2553 675 2586 Et
705 2553 807 2594 licet,
848 2555 1123 2597 refrigescente
1163 2556 1321 2588 caritate
1358 2556 1396 2588 et
1433 2554 1628 2588 hominum
1666 2554 1924 2588 inualescente

293 2607 456 2648 malicia,
475 2608 546 2641 iste
562 2609 694 2641 modus
719 2619 792 2642 non
820 2610 937 2643 fuerit
957 2619 1026 2643 nec
1043 2611 1092 2643 sit
1108 2620 1227 2652 usque
1251 2620 1350 2643 nunc
1380 2611 1434 2643 ita
1457 2609 1691 2653 generaliter
1706 2611 1743 2644 et
1759 2619 1922 2643 commu-

293 2663 392 2696 niter
416 2662 637 2696 obseruatus
654 2664 751 2696 sicut
767 2664 806 2696 in
823 2665 1020 2706 primitiua
1036 2664 1209 2705 ecclesia,
1229 2674 1275 2698 ex
1299 2664 1370 2698 hoc
1386 2666 1512 2698 tamen
1528 2674 1602 2697 non
1626 2665 1809 2707 sequitur,
1823 2664 1923 2706 quod

292 2717 340 2750 sit
356 2717 580 2759 prohibitus,
600 2727 725 2760 ymmo
744 2720 800 2751 est
816 2719 947 2761 pocius
964 2720 1157 2761 tamquam
1181 2721 1376 2753 animabus
1399 2721 1614 2753 fructuosus
1631 2721 1669 2753 et
1696 2720 1775 2754 Deo
1791 2721 1922 2763 gratus

291 2774 446 2815 propter
491 2773 660 2807 fraterne
699 2774 869 2807 caritatis
907 2776 1294 2809 communicacionem
1331 2777 1369 2809 et
1411 2776 1655 2817 perfectionis
1693 2775 1921 2809 exercicium

293 2827 619 2868 commendemus3
646 2837 733 2861 nam
749 2830 954 2862 secundum
979 2829 1163 2863 Thomam
1191 2831 1270 2864 vita
1285 2829 1435 2864 socialis
1452 2830 1665 2864 necessaria
1680 2831 1738 2864 est
1753 2830 1800 2864 ad
1816 2838 1922 2863 exer-

294 2881 426 2914 citium
447 2883 705 2924 perfectionis,
724 2884 814 2925 quia
841 2886 972 2918 mutuo
997 2895 1036 2918 sc
1058 2886 1250 2919 instruunt
1266 2887 1304 2920 et
1319 2885 1433 2919 verbo
1464 2886 1503 2920 et
1525 2885 1697 2928 exemplo
1721 2886 1759 2919 et
1775 2893 1920 2919 correc-

293 2941 436 2975 tionem
467 2942 515 2975 ad
544 2944 756 2985 profectum
782 2945 1004 2987 perducunt.
1036 2946 1098 2980 Ita
1127 2946 1263 2980 recitat
1291 2946 1352 2980 Jo.
1378 2946 1418 2979 in
1444 2955 1590 2980 summa
1619 2946 1717 2996 cont.
1742 2945 1782 2979 in
1798 2946 1855 2979 tit.
1873 2946 1920 2979 de

294 2996 455 3031 transitu
473 2996 700 3034 clericorum
712 3009 748 3042 q.
766 3001 841 3043 xxij
868 3000 1002 3055 Utrum
1010 3002 1221 3047 perfectior.
1239 3001 1286 3037 Et
1301 3011 1370 3046 pro
1387 3002 1612 3037 euindencia
1633 3001 1745 3057 huius
1760 3001 1918 3036 materie
1956 3034 1958 3036 ,
