2050 3470
309 313 373 346 2123
942 310 1077 345 ANNO
1105 310 1287 344 1417-1419

311 425 438 477 tegen
463 421 514 464 de
536 420 746 463 Broeders
769 434 822 463 en
844 421 1019 463 Zusters
1042 433 1126 463 van
1149 420 1224 463 het
1241 433 1446 476 gemeene
1469 420 1592 464 leven
1613 434 1748 477 geene
1771 420 1928 465 enkele

307 489 527 546 gegronde
547 489 694 532 klacht
716 489 800 532 had
839 488 1030 545 gehoord
1072 503 1125 532 en
1160 489 1308 532 hunne
1344 489 1621 547 levenswijze
1653 489 1927 546 integendeel

306 558 552 613 volmondig
584 558 669 600 kon
692 557 984 614 goedkeuren.
1012 557 1080 600 Dit
1103 557 1222 601 werd
1246 561 1288 602 te
1321 558 1536 602 Constanz
1568 557 1624 616 bij
1649 558 1701 601 de
1723 558 1928 603 kardina-

306 628 374 670 len
399 641 451 670 en
470 627 668 683 prelaten
690 640 774 669 van
812 627 887 670 het
910 626 1097 670 Concilie
1135 640 1349 670 eveneens
1383 627 1682 684 volgehouden
1715 628 1821 671 door
1841 629 1924 671 Jan

304 710 387 738 van
418 696 637 747 Heusden,
664 696 783 751 prior
820 709 903 739 van
944 696 1260 748 Windesheim‚
1296 697 1378 740 Jan
1418 697 1470 739 de
1507 697 1654 749 Wael,
1690 697 1809 753 prior
1839 711 1923 740 van

305 764 579 816 Bethlehem,
606 764 802 808 Hendrik
826 778 910 808 van
935 764 1089 823 Ahuys
1112 779 1166 808 en
1198 765 1419 809 Everaard
1455 766 1614 809 Zwaen
1646 779 1731 809 van
1764 765 1924 809 Olden-

302 834 411 886 zaal,
449 834 528 876 ook
569 847 623 876 en
656 834 802 877 vooral
831 834 935 877 door
969 834 1146 878 Willem
1181 848 1266 878 van
1309 835 1509 878 Lochem.
1548 836 1614 878 ‘De
1647 834 1924 891 aanges'telde

301 902 528 946 kardinaal
571 917 623 946 en
667 902 719 946 de
756 902 917 946 andere
960 903 1157 947 rechters
1205 917 1290 947 van
1333 903 1396 948 dit
1437 903 1745 960 kettergeding
1791 903 1924 948 lieten

300 970 482 1014 broeder
501 971 691 1015 Grabow
722 985 949 1028 gevangen
983 986 1138 1016 nemen
1171 987 1224 1016 en
1257 972 1479 1025 beslisten‚
1516 972 1591 1016 dat
1611 972 1671 1030 hij
1705 972 1793 1030 ziJn
1829 972 1926 1017 ket-

299 1041 446 1084 tersch
489 1040 699 1096 geschrift
741 1040 960 1097 openbaar
999 1041 1241 1098 herroepen
1280 1044 1449 1093 moest;
1497 1055 1573 1084 zoo
1604 1043 1710 1094 niet,
1750 1055 1830 1085 zou
1861 1041 1921 1099 hij

298 1109 442 1166 zijnen
466 1109 628 1152 kerker
650 1109 791 1153 alleen
825 1110 992 1153 ruimen
1025 1124 1093 1154 om
1126 1124 1234 1154 naar
1270 1110 1352 1154 den
1395 1110 1675 1168 brandstapel
1711 1113 1756 1154 te
1787 1122 1917 1167 gaan.

298 1178 552 1222 Vreezende
587 1192 692 1222 voor
729 1178 816 1236 ziju
856 1179 999 1233 leven,
1042 1179 1315 1235 onderwierp
1357 1179 1545 1224 Grabow
1585 1179 1678 1223 zich
1719 1193 1803 1222 aan
1855 1179 1924 1224 die

297 1246 514 1304 openbare
531 1246 771 1304 afzwering
803 1248 941 1306 zijner
962 1248 1181 1306 dolingen,
1208 1251 1442 1305 ontsnapte
1458 1249 1581 1293 aldus
1604 1262 1685 1292 aan
1709 1248 1792 1292 den
1814 1247 1923 1292 dood

295 1331 349 1360 en
373 1316 493 1359 werd
515 1316 559 1359 in
582 1316 714 1360 vrede
736 1317 928 1373 gelaten.

338 1397 496 1437 Quidam
528 1398 573 1431 de
601 1398 732 1432 ordine
757 1399 1035 1441 predicatorum
1062 1399 1194 1440 frater,
1230 1399 1403 1433 Matheus
1439 1399 1561 1433 Grabo
1590 1399 1752 1440 nomine,
1778 1399 1922 1443 grande

295 1453 468 1486 volumen
487 1454 657 1486 ediderat
686 1455 817 1487 contra
845 1455 998 1488 devotos
1017 1455 1247 1496 presbiteros
1275 1455 1432 1488 clericos
1460 1456 1498 1488 et
1525 1455 1688 1498 Beginas
1712 1456 1856 1497 pariter
1882 1455 1920 1487 in

294 1509 481 1542 communi
496 1509 576 1541 sine
593 1508 725 1552 regule
744 1509 902 1542 alicuius
919 1510 1153 1551 professione
1170 1510 1335 1544 viventes
1352 1510 1410 1553 (1).
1430 1509 1547 1558 Quem
1564 1510 1706 1553 pastori
1722 1510 1760 1543 in
1778 1511 1920 1544 Daven-

294 1564 368 1597 tria
394 1565 659 1606 representans
688 1563 930 1597 adhesionem
963 1566 1127 1607 expeciit
1153 1566 1203 1607 et,
1239 1566 1281 1598 ut
1310 1566 1349 1598 in
1377 1566 1458 1599 eius
1485 1566 1664 1600 transiret
1695 1565 1920 1599 sententiam

293 1619 441 1660 publice
460 1620 591 1652 contra
607 1628 671 1652 eos
688 1620 986 1660 sermocinando,
1007 1621 1166 1663 rogavit.
1186 1621 1256 1660 Qui
1274 1622 1315 1654 ut
1338 1630 1448 1654 verus
1473 1622 1597 1654 ovium
1614 1630 1767 1654 suarum
1790 1621 1920 1663 pastor

292 1676 331 1706 et
344 1674 462 1707 bonus
474 1674 622 1707 iusticie
640 1674 780 1707 zelator
797 1675 948 1708 devotos
965 1676 1003 1708 in
1017 1685 1084 1709 sua
1096 1676 1275 1718 parochia
1292 1686 1365 1709 non
1392 1676 1608 1717 molestans,
1626 1677 1691 1709 sed
1710 1676 1917 1709 defendens

292 1729 498 1762 venerabili
516 1729 596 1761 viro
614 1730 764 1763 domino
783 1730 976 1771 Godstido,
995 1732 1135 1764 rectori
1153 1732 1464 1775 congregacionis
1480 1731 1703 1765 clericorum
1719 1731 1759 1764 in
1776 1731 1918 1765 Daven-

291 1784 377 1825 tria,
394 1785 554 1817 eundem
572 1785 780 1817 transmisit
796 1785 1080 1828 perlegendum.
1101 1785 1172 1825 Qui
1189 1786 1328 1820 librum
1352 1796 1421 1829 per
1436 1787 1528 1820 folia
1544 1787 1671 1820 statim
1696 1786 1915 1827 dissolvens,

289 1841 331 1872 ut
347 1840 478 1873 eadem
496 1840 604 1873 nocte
629 1849 696 1881 per
709 1840 846 1873 fratres
864 1851 950 1873 suos
975 1841 1102 1874 divisis
1119 1842 1218 1875 inter
1235 1851 1273 1875 se
1290 1842 1392 1874 foliis
1409 1842 1700 1882 exscriberetur,
1718 1841 1914 1884 disposuit,

292 1895 486 1936 exemplar
524 1904 634 1928 mane
669 1896 830 1928 reddens
866 1897 1020 1938 pastori.
1058 1897 1288 1939 Excerptum
1320 1907 1407 1930 vero
1447 1897 1535 1930 libri
1572 1897 1711 1939 prefati
1739 1897 1916 1929 continuo

291 1950 499 1982 transmisit
525 1950 564 1982 in
582 1950 775 1983 Northorn
799 1951 930 1993 priori.
965 1951 1044 1990 Quo
1078 1951 1242 1985 libenter
1272 1954 1425 1994 accepto
1451 1952 1758 1994 blasphemiaque
1787 1952 1918 1984 contra

290 2005 469 2038 moderno
483 2005 696 2038 devocionis
713 2006 953 2047 presbyteros
971 2006 1128 2040 clericos
1146 2009 1182 2040 et
1199 2007 1363 2050 Beginas
1377 2008 1507 2049 aperte
1523 2007 1686 2049 reperta,
1705 2015 1914 2048 coassump-

290 2060 338 2091 tis
363 2060 509 2092 notario
528 2060 565 2093 et
581 2060 751 2100 testibus,
770 2061 938 2102 perrexit
963 2062 1001 2094 in
1019 2061 1274 2105 Gronynghcn
1291 2062 1469 2105 oppidum
1486 2062 1644 2096 diocesis
1662 2061 1916 2095 Traiectensis

289 2114 416 2155 ibique
444 2116 562 2148 fratre
590 2114 741 2148 Matheo
770 2115 942 2149 Grabone
960 2116 997 2148 in
1026 2117 1254 2150 monasterio
1285 2116 1351 2150 illo
1381 2117 1532 2150 invento
1555 2117 1745 2159 prefatum
1776 2115 1913 2148 librum

290 2169 417 2202 multis
442 2170 695 2203 coastantibus
722 2170 792 2202 sibi
817 2172 1049 2212 presentans,
1079 2181 1125 2204 an
1143 2172 1264 2214 ipsum
1289 2172 1468 2205 edidisset
1498 2172 1683 2204 instanter
1706 2171 1914 2212 requisivit.

290 2225 359 2263 Qui
387 2225 549 2266 primum
568 2225 793 2258 conterritus
817 2226 1043 2269 subterfugii
1061 2227 1229 2259 umbram
1258 2227 1360 2259 nisus
1385 2228 1442 2260 est
1464 2227 1712 2268 pretendere3
1741 2226 1806 2259 sed
1831 2234 1914 2258 cum

290 2289 363 2312 non
381 2282 506 2321 posset
523 2281 693 2320 evadere,
709 2280 858 2313 tandem
875 2290 982 2313 suum
999 2281 1106 2313 illum
1120 2290 1200 2315 esse
1215 2282 1362 2315 dicebat
1380 2291 1388 2314 :
1415 2295 1430 2308 «ι
1450 2282 1530 2324 Ego
1550 2297 1580 2322 η,
1598 2281 1731 2323 inquit,
1750 2295 1766 2308 «ι
1782 2280 1914 2323 scripsi

288 2344 373 2368 eum
393 2336 430 2367 ct
447 2334 519 2367 hiis
536 2334 653 2367 multo
668 2335 811 2368 maiora
824 2337 1078 2377 superaddere
1092 2337 1244 2369 intendo
1260 2352 1290 2370 „,
1310 2337 1357 2369 Et
1372 2337 1477 2378 prior
1495 2346 1503 2369 :
1524 2350 1539 2364 ιι
1552 2336 1648 2370 Satis
1665 2337 1733 2376 est,
1745 2351 1760 2364 n
1776 2335 1912 2377 inquit,

290 2404 305 2416 u
324 2390 473 2422 domine
498 2390 657 2430 notarie,
682 2390 835 2432 requiro
860 2400 923 2423 vos
948 2390 985 2423 in
1002 2392 1270 2431 testimonium,
1300 2392 1398 2432 quod
1426 2391 1525 2424 hunc
1550 2390 1689 2424 librum
1713 2391 1855 2424 fatetur
1872 2399 1912 2424 se

287 2445 420 2477 fecisse
439 2459 468 2476 η.
496 2445 674 2477 Notarius
693 2454 839 2487 quoque
857 2446 970 2478 testes
989 2446 1154 2480 astantes
1179 2446 1415 2488 astipulando
1433 2446 1642 2488 requisivit.
1671 2446 1805 2479 Statim
1829 2445 1913 2487 post

286 2499 355 2532 hee
378 2501 483 2541 prior
500 2500 639 2532 dictum
657 2501 814 2533 fratrem
833 2501 1043 2534 Grabonem
1068 2502 1114 2534 ad
1140 2502 1283 2534 curiam
1300 2501 1582 2534 Traiectensem
1610 2500 1718 2534 citari
1735 2509 1910 2542 procura·

286 2555 349 2589 vit.
370 2555 438 2594 Qui
454 2554 563 2587 simul
581 2555 619 2588 in
632 2556 794 2588 termino
811 2557 1083 2597 comparentes,
1102 2566 1185 2589 cum
1202 2556 1341 2589 librum
1354 2565 1463 2589 suum
1476 2566 1550 2589 non
1562 2556 1689 2598 posset
1705 2555 1908 2589 defendere

286 2611 323 2642 et
353 2620 374 2642 a
399 2611 545 2651 prefato
578 2610 704 2652 priore
729 2610 972 2644 vehementer
1000 2613 1215 2654 angeretur,
1246 2612 1288 2644 ut
1314 2611 1529 2645 hereticalis
1558 2610 1749 2644 sentencia
1781 2610 1911 2643 contra

285 2674 370 2697 eum
389 2665 619 2698 iudicialiter
632 2666 880 2707 proterretur,
894 2668 936 2699 ut
948 2667 1000 2699 ibi
1016 2667 1135 2708 possit
1148 2667 1320 2708 evadere,
1339 2666 1384 2699 de
1397 2666 1615 2709 gravamine
1632 2667 1669 2699 et
1685 2664 1908 2708 appellando

285 2720 512 2760 protestatus
530 2721 586 2753 est
598 2721 725 2762 sicque
743 2722 787 2754 ad
805 2722 1050 2763 apostolicam
1065 2722 1193 2755 sedem
1209 2721 1425 2763 appellavit.

328 2775 407 2808 Hee
435 2776 560 2808 autem
579 2785 691 2809 causa
707 2775 930 2810 catholicam
948 2777 1059 2810 fidem
1077 2785 1306 2810 concernens
1331 2777 1377 2810 ad
1406 2776 1689 2810 Constantiense
1707 2774 1907 2809 concilium

327 2903 372 2943 (l)
396 2901 438 2935 In
467 2902 562 2943 zijne
586 2903 736 2946 uitgave
768 2913 837 2937 van
868 2903 934 2937 het
964 2901 1169 2938 Chronicon
1208 2901 1530 2937 windeshemense
1563 2903 1649 2945 zegt
1687 2902 1824 2942 Grube,
1843 2900 1907 2934 dat

283 2956 471 2990 Grabow’s
488 2958 621 2990 schrift
637 2960 674 2992 te
691 2959 826 2992 vinden
843 2959 873 2992 is
888 2968 933 3002 op
952 2959 997 2993 de
1014 2958 1253 2994 Bibliotbeek
1280 2960 1318 2993 te
1345 2958 1514 2993 Weenen
1530 2967 1538 2992 ε
1569 2957 1657 2992 Cod.
1683 2956 1748 2991 lat.
1777 2955 1903 2991 Wien.

284 3012 334 3044 ΝΟ
351 3012 435 3047 4257
451 3012 596 3055 (Theol.
611 3013 702 3056 294),
720 3013 785 3048 fol.
800 3013 884 3046 2611>
897 3014 1055 3065 enlvolg.
