2050 3470
307 290 372 323 238
967 284 1104 319 ANNO
1132 284 1215 317 1420

311 400 399 441 lum,
415 399 460 432 ad
479 397 757 439 inquisitionem
772 395 996 429 auctoritate
1013 395 1205 427 ordinaria
1218 393 1475 432 descenderat,
1490 393 1528 425 et
1542 392 1579 425 in
1594 399 1706 425 causa
1718 389 1934 423 huiusmodi

312 455 451 486 diutius
468 455 715 494 processerat,
736 451 849 484 testes
874 452 912 483 et
940 449 1033 482 alias
1062 449 1303 490 probationes
1331 448 1548 489 recipiendo
1573 455 1686 488 super
1702 444 1871 479 articulis
1898 445 1937 477 et

311 508 579 542 assertionibus
596 506 826 545 memoratis,
846 513 1005 546 quorum
1022 508 1171 537 tenores
1189 505 1396 544 sequuntur
1413 503 1450 535 in
1470 502 1540 536 hcc
1557 502 1669 534 verba
1685 510 1693 534 τ

353 563 497 596 Caritas
514 562 628 595 estad
647 562 757 594 deum
771 563 809 594 et
824 560 1051 602 proximum,
1071 560 1109 592 et
1125 568 1198 592 non
1213 559 1258 591 ad
1276 558 1453 600 seipsum.

355 619 455 651 Deus
472 626 545 650 non
570 616 716 650 remisit
739 624 860 656 neque
877 616 1072 649 remittere
1088 616 1213 656 potest
1236 613 1384 655 culpam
1407 613 1596 655 peccatori
1626 612 1766 653 absque
1796 609 1929 653 preuia

311 673 551 706 contritione.

354 727 562 762 Presbiteri
594 725 736 768 publici
765 725 1021 766 concubinarij
1052 733 1125 757 non
1155 723 1296 757 habent
1326 723 1594 757 auctoritatem
1618 731 1685 756 seu
1708 721 1934 764 potestatem

312 782 530 816 absoluendi
554 782 803 822 peccatorem.
823 780 870 813 Et
886 780 1061 821 peccator
1079 780 1271 812 confessus
1288 779 1475 812 sacerdoti
1499 778 1649 820 publico
1668 775 1935 810 concubinario

313 838 457 871 recedit
471 837 610 878 absque
625 835 873 869 absolutione.

357 892 556 927 Orationes
574 892 612 924 et
634 899 766 933 preces
784 889 954 923 missales
982 889 1114 923 talium
1131 889 1368 922 sacerdotum
1392 889 1630 931 publicorum
1653 885 1934 921 concubinario-

313 957 397 982 rum
424 948 512 980 sunt
542 946 681 980 nullius
709 946 872 987 valori53
904 946 943 978 et
966 945 1078 978 misse
1103 954 1172 987 per
1196 944 1291 978 tales
1318 945 1605 978 concubinarios
1640 942 1830 977 celebrate
1865 950 1934 983 pro

316 1004 502 1038 defunctis
519 1003 584 1036 aut
596 1002 693 1035 viuis
710 1002 797 1034 sunt
813 1000 955 1034 nullius
972 1000 1125 1034 valoris.

359 1059 489 1093 Oratio
503 1067 577 1090 non
591 1058 703 1090 (lebet
718 1057 835 1100 dirigi
852 1056 925 1090 nisi
942 1056 989 1089 ad
1004 1056 1124 1089 Deum
1140 1055 1386 1096 solummodo,
1402 1057 1440 1089 et
1453 1065 1526 1089 non
1543 1055 1589 1088 ad
1605 1055 1766 1088 sanctos.

359 1114 488 1148 Curati
513 1113 642 1146 dicunt
657 1112 918 1154 parrochianis
942 1111 1032 1152 suis,
1059 1112 1157 1152 quod
1182 1111 1315 1144 saltem
1343 1111 1458 1144 semel
1488 1111 1526 1144 in
1557 1120 1653 1144 anno
1681 1108 1941 1152 parrochianis

317 1170 468 1203 tenetur
485 1168 657 1201 confiteri
669 1177 734 1200 suo
748 1167 901 1209 proprio
917 1167 1060 1199 curato.

357 1223 547 1267 Religiosi
562 1223 768 1266 presentati
784 1223 870 1255 sunt
886 1222 1031 1264 proprii
1045 1222 1261 1255 sacerdotes
1275 1223 1313 1255 et
1327 1222 1407 1255 veri
1420 1221 1556 1255 curati.

360 1279 489 1313 Curati
505 1278 717 1321 impediunt
733 1276 1006 1319 parrochianos
1022 1287 1122 1318 suos,
1141 1287 1188 1311 ne
1214 1278 1303 1310 dent
1329 1286 1398 1310 nec
1422 1277 1564 1310 faciant
1588 1275 1827 1318 elemosinaS‚
1845 1275 1943 1309 dona

317 1336 382 1369 aut
396 1334 524 1378 legata
539 1333 852 1374 mendicantibuS,
870 1334 909 1366 et
931 1342 978 1366 ne
1006 1333 1097 1365 dicti
1124 1331 1364 1375 parrochiani
1388 1331 1533 1375 eligant
1556 1331 1769 1374 sepulturas
1792 1339 1878 1364 suas
1904 1330 1943 1363 in

319 1390 493 1423 domibus
510 1389 732 1422 eorumdem
744 1388 1054 1422 mendicantium.

363 1444 664 1479 Mendicantibus
702 1443 928 1485 presentatis
959 1443 1050 1485 ipsis
1085 1444 1277 1476 confessus
1308 1442 1412 1476 licite
1449 1443 1575 1484 potest
1610 1441 1782 1484 recipere
1806 1449 1942 1483 corpus

320 1500 484 1543 Christi3
511 1501 550 1533 et
577 1509 650 1532 non
687 1500 813 1541 potest
840 1508 910 1532 nec
930 1499 1043 1533 debet
1066 1500 1218 1532 curatus
1249 1499 1419 1531 confesso
1449 1498 1750 1531 mendicantibus
1786 1496 1945 1539 prefatis

320 1557 508 1599 denegare
527 1564 662 1596 corpus
679 1553 818 1587 Christi
834 1565 843 1596 ς
867 1555 966 1595 quod
984 1555 1015 1587 si
1029 1554 1204 1597 deneget,
1223 1554 1345 1586 dictus
1362 1554 1514 1586 curatus
1530 1554 1662 1595 peccat
1676 1552 1890 1586 mortaliter
1907 1551 1946 1584 et

320 1614 377 1645 est
390 1611 748 1644 excommunicatus.

367 1666 512 1706 Statim,
527 1666 683 1707 peccato
700 1663 853 1698 mortali
866 1664 1077 1705 commisso,
1096 1665 1272 1706 peccator
1287 1663 1355 1697 sub
1368 1672 1466 1706 pena
1481 1663 1627 1706 peccati
1643 1662 1815 1697 mortalis
1833 1661 1946 1696 debet

322 1720 416 1754 illud
433 1721 619 1760 confiteri,
637 1720 857 1762 priusquam
874 1719 1132 1753 obliuiscatur.

365 1777 450 1810 Non
466 1776 524 1810 est
546 1774 698 1809 mulieri
722 1784 814 1818 opus
841 1775 1059 1818 purificari3
1078 1775 1256 1818 quinymo
1274 1775 1346 1808 hoc
1363 1774 1510 1809 scilicet
1526 1774 1720 1817 purificari
1744 1774 1801 1807 est
1826 1772 1947 1815 judai-

320 1841 420 1866 zare.

365 1887 575 1921 Presbiteri
601 1886 743 1930 publici
768 1887 1023 1929 concubinarij
1050 1888 1137 1920 sunt
1152 1888 1303 1930 peiores
1325 1886 1439 1926 Juda‚
1464 1887 1528 1928 qui
1545 1887 1591 1920 de
1607 1885 1742 1919 loculis
1760 1882 1948 1927 apostolo-

320 1952 405 1977 rum
421 1943 584 1976 nutriuit
597 1951 704 1975 suam
721 1943 969 1975 concubinam
986 1944 1024 1976 et
1037 1952 1122 1976 suas
1139 1942 1281 1986 proles.

365 1998 574 2032 Presbiteri
590 1997 732 2040 publici
750 1998 1004 2040 concubinarii
1023 1999 1110 2031 sunt
1127 1998 1454 2038 excommunicati,
1469 1998 1507 2032 et
1523 2006 1648 2031 secum
1665 1995 1815 2038 publice
1831 1994 1948 2029 scien-

322 2055 382 2087 ter
394 2053 676 2096 participantes.

367 2108 502 2142 Plures
516 2109 730 2141 sacerdotes
748 2117 771 2141 a
783 2108 929 2141 modico
947 2109 1119 2151 tempore
1136 2109 1232 2142 citra
1248 2108 1545 2142 licentiauerunt
1560 2108 1646 2141 ficte
1673 2116 1759 2141 suas
1775 2104 1949 2139 concubi-

324 2174 418 2206 nas;
444 2164 544 2203 ficte,
562 2164 728 2204 inquam,
744 2164 832 2205 quia
856 2163 1002 2196 occulte
1031 2164 1164 2197 bibunt
1193 2165 1232 2197 et
1254 2164 1455 2197 comedunt
1485 2173 1570 2196 cum
1600 2162 1678 2195 suis
1705 2160 1950 2201 concubinis3

322 2219 422 2262 quod
439 2217 563 2251 nullus
589 2218 700 2251 debet
716 2218 809 2260 pati,
837 2227 923 2260 ymo
941 2228 1025 2251 cum
1042 2219 1184 2252 eisdem
1212 2219 1469 2252 sacerdotibus
1492 2218 1654 2261 publicis
1678 2215 1953 2257 concubinarijs

322 2274 589 2307 conuersantes
621 2274 658 2306 et
690 2281 754 2306 eos
785 2274 1038 2307 fauorizantes
1066 2275 1153 2307 sunt
1182 2273 1221 2306 in
1237 2274 1320 2316 pari
1346 2274 1515 2316 peccato,
1549 2274 1588 2306 et
1613 2273 1771 2315 peccant
1801 2271 1866 2314 qui
1888 2280 1953 2305 eos

323 2331 497 2364 nituntur
514 2337 696 2362 excusare
714 2328 820 2361 falsis
834 2329 966 2372 glosis.

368 2384 406 2416 Si
422 2383 663 2425 parrochiani
681 2383 840 2417 alicuius
864 2385 984 2417 curati
1010 2385 1264 2427 concubinarij
1294 2384 1436 2427 publici
1459 2384 1555 2418 bene
1587 2384 1707 2417 Deum
1732 2381 1952 2427 diligerent,

325 2438 508 2471 deberent
542 2438 715 2471 inhibere
743 2448 809 2471 suo
838 2440 968 2472 curato
997 2439 1147 2481 publico
1176 2440 1457 2480 concubinario,
1487 2448 1533 2473 ne
1564 2439 1716 2472 missam
1755 2440 1820 2472 aut
1850 2437 1953 2472 aliud

326 2493 496 2526 diuinum
514 2494 679 2526 officium
693 2503 819 2527 coram
833 2495 975 2527 eisdem
992 2495 1232 2536 parochianis
1249 2495 1477 2528 celebraret.

369 2548 567 2582 Facientes
584 2548 778 2583 celebrare
805 2549 939 2583 missas
966 2559 1034 2592 per
1050 2551 1265 2584 sacerdotes
1282 2549 1571 2584 concubinarios
1597 2549 1769 2593 publicos
1797 2548 1956 2591 peccant

327 2603 553 2637 mortaliter.

370 2659 574 2693 Audientes
591 2660 754 2693 scienter
767 2660 899 2693 missas
916 2660 1155 2694 sacerdotum
1170 2660 1409 2703 publicorum
1425 2660 1781 2695 concubinariorum
1797 2660 1956 2703 peccant

328 2713 555 2747 mortaliter.

372 2768 416 2802 In
441 2768 629 2810 aliquibus
661 2769 898 2803 sermonibus
926 2770 1003 2803 suis
1030 2771 1179 2804 vocauit
1206 2771 1412 2804 obstinatos
1440 2772 1479 2805 et
1511 2771 1747 2814 reprobatos,
1787 2769 1954 2803 adiciens

328 2823 484 2857 vlterius
501 2824 599 2864 quod
614 2834 689 2857 non
702 2825 783 2858 sine
797 2834 910 2858 causa
926 2825 1129 2867 presbiteri
1145 2827 1328 2859 vocantur
1344 2825 1496 2859 ribaldi.

374 2879 532 2912 Deferre
546 2878 730 2913 honorem
745 2880 888 2913 feretro
902 2880 1003 2913 beati
1018 2881 1170 2922 Antonij
1187 2881 1269 2914 erat
1282 2881 1424 2915 crimen
1438 2880 1677 2923 ydololatrie.

373 2933 449 2974 Illi,
489 2933 554 2975 qui
588 2934 678 2967 dant
714 2935 761 2967 ad
800 2935 1070 2969 comedendum
1104 2936 1227 2977 porcis
1261 2936 1516 2970 baiulantibus
1551 2935 1811 2979 campanulam
1850 2935 1952 2969 beati

331 2989 498 3031 Antonii,
512 2992 669 3032 peccant
681 2990 893 3025 mortaliter
905 2991 1053 3025 ratione
1070 2991 1309 3033 precedente.
