2050 3470
814 242 949 276 ANNO
978 241 1055 273 1231
1711 241 1757 272 39

518 354 691 387 bewaard
708 354 802 386 door
818 362 886 386 een
915 352 1014 385 edict
1038 361 1107 385 van
1126 352 1270 393 koning
1296 351 1441 392 Philips
1468 350 1515 382 VI
1542 360 1611 382 van
1630 350 1756 382 Valois

514 409 746 451 (November
771 409 879 449 1329).
907 408 969 441 Zie
994 407 1128 440 verder
1146 407 1193 439 Nr
1209 406 1251 439 55
1267 406 1418 446 (187bis).
1432 423 1472 427 —
1491 404 1756 447 Ongetwijseld

514 463 569 497 zal
588 464 786 506 Lodewijk
812 463 865 496 IX
891 464 935 496 de
962 461 1311 504 kettervervolging
1327 472 1417 494 voor
1433 462 1567 504 geheel
1587 464 1656 504 ziJn
1683 463 1755 504 rijk

516 519 697 561 geregeld
734 519 881 551 hebben
922 520 958 551 in
995 517 1212 551 denzeli'den
1252 519 1359 559 geest
1382 517 1437 550 als
1464 518 1510 559 bij
1549 519 1619 559 zijn
1658 518 1757 550 edict

519 574 711 617 Cupientes
739 577 777 606 in
804 575 938 618 primis
965 575 1070 606 etatis
1102 573 1253 613 (Parijs.
1288 572 1396 613 1228),
1425 573 1487 605 dat
1519 573 1640 606 alleen
1667 582 1757 605 voor

515 629 834 670 Zuid-Frankrijk
864 637 938 661 was
963 626 1262 669 nitgevaardigd.
1289 644 1330 648 -
1356 625 1453 659 Over
1484 627 1538 659 dit
1571 626 1674 665 alles,
1702 627 1757 659 zie

515 691 604 715 onze
625 682 883 716 Geschc'edenis
899 681 966 715 der
982 682 1172 725 Inquisitie
1190 684 1227 712 in
1252 679 1296 713 de
1320 680 1597 722 Nederlana'en,
1617 681 1698 715 deel
1725 682 1756 722 Ι,

514 736 581 770 blz.
605 737 758 771 111-113.

798 854 858 896 21
893 845 1060 910 (771218).

185 979 276 1022 13010
306 993 444 1030 eeuw,
487 980 545 1034 (ο.
594 981 696 1019 1231
717 978 769 1035 ἓ),
799 981 954 1023 Rome.
984 980 1062 1022 Bul
1089 994 1172 1022 van
1197 994 1332 1023 eenen
1358 994 1464 1036 paus
1487 979 1659 1035 gericht
1691 981 1757 1022 tot

121 1051 203 1094 den
229 1050 426 1105 bisschop
455 1062 538 1091 van
575 1049 760 1092 Doornik
797 1062 900 1090 over
931 1049 1008 1090 het
1041 1050 1165 1104 geva!
1193 1063 1274 1091 van
1309 1063 1446 1092 eenen
1481 1047 1753 1105 goestelijke,

122 1119 190 1162 die
223 1119 275 1162 de
308 1117 677 1175 priesterwijding
709 1122 956 1173 ontvangen
992 1118 1089 1165 had.
1125 1118 1306 1161 voordat
1338 1119 1450 1175 zijne
1482 1117 1637 1161 ouders
1671 1131 1756 1159 van

121 1189 296 1246 ketterij
322 1187 548 1243 overtuigd
571 1187 748 1230 werden
768 1201 818 1229 en
846 1187 1029 1229 voordat
1052 1187 1102 1229 de
1128 1187 1338 1230 kinderen
1362 1201 1443 1229 van
1462 1187 1631 1229 ketters
1651 1186 1758 1228 door

121 1272 228 1301 eene
251 1257 490 1314 pauselijke
514 1260 602 1298 wet
626 1255 912 1299 onbekwaam
937 1256 1111 1298 werden
1139 1256 1371 1299 verklaard
1402 1270 1470 1298 om
1503 1254 1757 1312 geestelijke

122 1326 296 1370 ambten
321 1330 362 1369 te
387 1325 614 1369 bedienen.
643 1351 700 1357 ——
717 1327 775 1368 De
802 1339 905 1380 paus
930 1324 1106 1378 besluit,
1126 1325 1201 1368 dat
1219 1325 1320 1368 deze
1342 1330 1429 1369 wet
1447 1339 1583 1381 geene
1605 1328 1756 1381 terug-

121 1395 355 1439 werkende
375 1395 531 1438 kracht
552 1395 640 1437 kan
661 1394 849 1438 hebben.

611 1471 665 1504 De
691 1469 770 1514 filio
804 1471 953 1505 heretici
982 1472 1058 1504 iam
1080 1476 1266 1515 promoto.

163 1533 347 1576 Episcopo
373 1532 616 1565 Tornacensi.
645 1533 808 1565 Litteras
835 1535 977 1566 vestras
1002 1542 1069 1574 pro
1088 1533 1354 1575 —presbitero
1380 1533 1613 1574 presentium
1637 1532 1758 1565 latore

120 1589 323 1630 recipimus
351 1588 388 1620 et
413 1587 530 1629 ipsius
559 1588 836 1620 confessionem
855 1588 1066 1620 audivimus
1080 1587 1296 1630 diligenter.
1317 1587 1413 1626 Quia
1425 1597 1514 1620 vero
1540 1587 1757 1620 constitutio

120 1642 325 1685 apostolice
342 1642 440 1675 sedis
466 1652 538 1674 non
557 1644 601 1675 ad
620 1644 774 1685 peracta
800 1644 864 1675 sed
883 1643 929 1675 ad
945 1644 1074 1676 futura
1102 1644 1247 1676 tantum
1265 1643 1375 1675 debet
1393 1643 1543 1676 extendi
1562 1645 1600 1676 et
1613 1644 1756 1685 predic-

120 1699 180 1730 tus
199 1716 236 1721 ——
252 1700 338 1730 ante
358 1697 474 1739 ipsius
497 1699 776 1731 constitutionis
805 1699 970 1731 edictum
994 1700 1032 1731 et
1056 1698 1433 1740 condempnationem
1457 1699 1657 1740 parentum
1685 1699 1758 1730 fuit

118 1754 312 1795 promotus
329 1752 375 1785 ad
400 1761 526 1786 sacros
543 1755 581 1787 et
607 1754 652 1787 ad
672 1753 969 1787 ecclesiasticum
987 1754 1213 1787 beneficium
1238 1754 1442 1792 assecutus
1470 1753 1637 1794 ejusdem
1663 1753 1756 1794 peti-

117 1808 219 1841 tione
237 1808 387 1841 domino
412 1816 508 1849 pape
534 1807 720 1849 exposita,
747 1807 870 1848 ipsum
895 1807 941 1839 de
972 1807 1091 1848 ipsius
1123 1806 1266 1838 domini
1298 1807 1403 1838 certa
1435 1806 1594 1839 scientia
1621 1806 1667 1838 ad
1694 1816 1759 1838 vos

116 1864 291 1896 duximus
307 1861 590 1901 remittendum,
618 1862 671 1900 ut,
698 1860 950 1893 consideratis
975 1860 1181 1903 diligenter
1198 1869 1270 1902 que
1288 1859 1429 1901 scripta
1444 1859 1577 1893 cedula
1594 1859 1760 1892 continet

116 1919 354 1961 presentibus
383 1916 602 1958 interclusa,
632 1916 755 1957 quoad
787 1915 1049 1948 executionem
1075 1915 1190 1948 officii
1223 1917 1260 1948 et
1285 1915 1559 1948 assecutionem
1585 1915 1757 1947 beneficii

116 1973 330 2015 procedatis
346 1973 448 2005 circa
471 1972 594 2013 ipsum
623 1971 737 2012 prout
761 1971 842 2012 ejus
871 1969 984 2003 saluti
1013 1971 1192 2012 expedire
1218 1969 1386 2003 videritis
1411 1970 1449 2003 et
1465 1969 1759 2002 ecclesiasticam

116 2028 287 2062 decuerit
304 2027 553 2061 honestatem.

465 2087 497 2121 A
523 2086 756 2131 Formulary
792 2087 837 2131 of
864 2086 924 2121 the
953 2086 1071 2131 papal
1096 2087 1355 2130 penitentiary
1386 2086 1427 2118 in
1462 2083 1521 2118 the
1560 2083 1760 2118 thirteenth

507 2147 677 2186 century,
697 2143 822 2176 edited
841 2144 889 2186 by
908 2143 1038 2185 Henry
1057 2142 1213 2176 Charles
1232 2142 1320 2175 Lea.
1337 2140 1431 2174 Stuk
1443 2140 1545 2181 XLI,
1560 2139 1628 2173 blz.
1645 2141 1697 2173 59.
1716 2159 1759 2165 --

510 2199 599 2239 Lea,
640 2200 678 2232 in
719 2208 812 2232 eene
852 2201 953 2238 noot,
995 2198 1125 2237 denkt,
1163 2198 1227 2230 dat
1265 2198 1320 2229 dit
1359 2196 1445 2229 stuk
1476 2205 1547 2229 van
1586 2196 1674 2229 kort
1712 2206 1760 2229 na

510 2255 595 2287 1254
620 2254 863 2297 dagteekent‚
891 2254 1017 2287 omdat
1049 2253 1087 2285 in
1121 2253 1185 2285 dat
1210 2253 1294 2293 jaar
1317 2251 1560 2284 Innocentius
1592 2249 1643 2283 IV
1668 2259 1760 2283 voor

510 2309 556 2341 de
581 2310 705 2342 eerste
733 2308 832 2342 maal
857 2318 924 2341 zou
954 2307 1087 2342 beslist
1114 2307 1276 2346 hebben,
1302 2306 1365 2338 dat
1396 2305 1442 2339 de
1476 2306 1659 2339 kinderen
1688 2315 1759 2338 van

512 2363 730 2397 kettersche
747 2364 885 2397 ouders
901 2363 1146 2396 onhekwaam
1163 2362 1235 2403 ziJ'n
1248 2362 1305 2393 tot
1317 2360 1381 2393 het
1394 2360 1587 2394 vervullen
1605 2370 1675 2393 van
1690 2369 1759 2393 een

511 2418 715 2461 geestelijk
734 2419 848 2452 ambt.
877 2417 982 2451 Doch
1008 2417 1116 2450 reeds
1149 2417 1187 2449 in
1222 2416 1304 2449 1231
1333 2415 1391 2456 (25
1416 2415 1520 2454 duni,
1547 2415 1663 2456 Rieti)
1688 2414 1760 2447 had

513 2474 721 2517 Gregorius
738 2474 792 2507 IX
813 2474 869 2506 dit
893 2473 1025 2506 beslist
1040 2473 1078 2505 in
1097 2473 1191 2514 zijne
1217 2471 1395 2510 statuten,
1413 2470 1474 2503 die
1491 2471 1546 2502 tot
1563 2479 1630 2502 ons
1646 2469 1760 2512 geko-

508 2538 594 2561 men
612 2530 683 2571 ziJn
708 2530 746 2562 in
772 2538 841 2562 een
861 2527 1079 2570 exemplaar
1098 2529 1153 2560 tot
1168 2527 1239 2559 den
1265 2524 1544 2567 aartsbisschop
1561 2534 1631 2557 van
1649 2524 1761 2557 Trier

511 2584 674 2626 gericht.
700 2584 871 2628 (Corpus,
898 2583 981 2617 deel
1011 2583 1042 2623 1,
1072 2582 1140 2616 blz.
1174 2582 1242 2623 783
1269 2580 1469 2621 Boehmer,
1494 2580 1587 2614 Acta
1611 2579 1763 2623 Imperii

512 2639 658 2680 selecta,
680 2639 767 2673 deel
785 2639 836 2680 ΙΙ,
863 2639 933 2672 blz.
947 2639 1040 2680 666.)

799 2754 867 2797 22
908 2746 1075 2810 (sem).

185 2869 305 2915 1231,
342 2866 648 2910 Duitschland
669 2879 723 2909 en
751 2865 896 2908 Trier.
934 2863 1169 2907 Uittreksel
1207 2863 1269 2905 uit
1303 2862 1378 2905 het
1413 2861 1558 2905 vierde
1581 2861 1761 2915 vervolg

124 2949 178 2997 op
222 2936 274 2979 de
321 2936 455 2981 Gesta
503 2936 809 2981 Treverorum
852 2934 967 2992 (13de
1010 2932 1152 2984 eeuw)
1197 2945 1302 2975 over
1339 2931 1415 2975 het
1446 2934 1650 2974 ontstaan
1685 2929 1761 2972 der
