2050 3470
828 250 965 284 ANNO
993 249 1078 284 1343
1739 253 1781 285 95

808 399 883 444 eo
917 392 1117 457 (mehe).

206 529 323 577 1343,
357 526 561 571 ,Ianuari
586 530 654 576 21,
691 526 920 584 Aviynon.
948 527 1027 570 Bul
1049 540 1132 569 van
1151 525 1349 570 Clemens
1370 527 1431 570 VI
1454 526 1625 583 gericht
1643 530 1709 570 tot
1726 527 1779 570 de

140 596 350 654 Begijnen
373 610 457 639 van
480 595 756 648 St-Truiden,
783 595 963 653 waarbij
999 596 1057 653 hij
1083 596 1312 639 herinnert
1337 609 1419 638 aan
1443 596 1494 638 de
1517 595 1661 639 bullen
1692 610 1777 640 van

138 665 335 709 Clemens
359 666 399 708 V
418 679 470 708 en
495 679 579 708 van
610 665 834 708 Johannes
854 665 983 708 XXII
1007 679 1061 708 en
1085 679 1166 708 aan
1186 665 1238 707 de
1262 664 1506 721 vrijspraak
1531 666 1775 722 uitgespro-

139 733 225 777 ken
248 734 353 777 door
374 735 456 777 den
483 733 728 777 Luikschen
752 734 951 790 bisschop
975 733 1109 777 Adolf
1125 747 1210 776 van
1235 733 1312 776 der
1334 733 1480 777 Mark.
1509 758 1562 764 —
1593 735 1652 777 De
1672 748 1778 790 paus

139 807 238 860 zegt
270 816 354 846 van
388 803 454 846 die
491 802 703 860 Begijnen
747 816 827 846 een
871 802 1177 847 smeekschrist
1217 806 1261 846 te
1305 802 1475 846 hebben
1504 806 1774 859 ontvangen,

139 872 306 916 waarin
329 872 540 916 vertoond
566 872 685 914 werd
711 873 793 916 hoe
815 872 1014 917 Clemens
1039 873 1078 916 V
1101 872 1152 916 de
1174 871 1496 929 Begijnenorde
1527 871 1776 929 afgeschaft

139 941 225 985 had
244 955 420 998 wegens
439 941 546 984 hare
565 941 798 999 ketterijen
819 956 872 985 en
891 942 1053 985 andere
1073 941 1499 999 misgrepen‚vooral
1517 941 1560 984 in
1581 942 1780 985 Duitsch-

139 1011 258 1063 land,
295 1025 416 1054 maar
437 1011 520 1054 hoe
542 1011 806 1067 vervolgens
838 1011 1038 1068 bisschop
1073 1011 1208 1054 Adolf
1234 1025 1318 1054 van
1342 1011 1420 1054 der
1441 1011 1585 1061 Mark,
1615 1024 1668 1067 op
1693 1011 1777 1055 last

138 1094 221 1124 van
244 1081 468 1124 Johannes
501 1081 650 1132 XXII,
678 1094 757 1124 een
781 1081 1026 1124 onderzoek
1062 1080 1147 1123 had
1181 1080 1414 1137 ingesteld,
1451 1080 1526 1124 dat
1549 1079 1700 1136 uitliep
1723 1094 1776 1136 op

137 1149 215 1194 het
235 1149 390 1208 bewijs
413 1164 497 1194 van
520 1150 572 1193 de
593 1150 1027 1206 rechtgeloovigheid
1048 1149 1125 1192 der
1149 1149 1362 1206 Begijnen
1385 1163 1470 1193 van
1494 1149 1772 1194 St-Truiden.

138 1219 309 1262 Zonder
330 1219 437 1262 hare
470 1219 574 1262 orde
607 1219 924 1277 uitdrukkelijk
958 1222 1002 1262 te
1034 1219 1183 1262 willen
1217 1218 1514 1275 goedkeuren,
1551 1218 1777 1262 verklaart

134 1289 187 1332 de
209 1302 330 1344 pauS‚
353 1288 426 1332 dat
448 1288 507 1346 hij
533 1289 657 1341 haar,
678 1292 745 1332 tot
768 1289 867 1332 loon
886 1289 1018 1331 harer
1040 1288 1238 1344 deugden
1257 1303 1310 1331 en
1331 1287 1578 1331 stichtende
1597 1288 1775 1330 levens-

136 1358 282 1416 wijze‚
302 1358 378 1401 het
400 1357 630 1401 voorrecht
655 1357 842 1401 schenkt
865 1371 933 1400 om
958 1357 1000 1399 in
1025 1357 1104 1414 tijd
1127 1371 1212 1400 van
1235 1357 1453 1414 kerkelijk
1485 1356 1689 1401 interdict
1723 1357 1776 1400 de

134 1427 380 1484 goddelijke
402 1426 601 1471 diensten
626 1431 670 1471 te
693 1427 1020 1480 onderhouden,
1047 1428 1099 1470 de
1123 1430 1425 1470 sacramenten
1448 1428 1493 1469 te
1516 1429 1768 1483 ontvangen

135 1511 189 1540 en
213 1496 257 1540 in
276 1496 328 1540 de
345 1496 532 1554 gewijde
549 1496 680 1540 aarde
698 1495 919 1553 begraven
943 1501 986 1540 te
1004 1496 1206 1540 worden.

181 1589 353 1624 Clemens
370 1590 580 1632 episcopus,
593 1598 722 1623 servus
736 1598 931 1623 servorum
951 1589 1030 1630 Dei,
1046 1589 1195 1623 dilectis
1212 1590 1251 1622 in
1266 1589 1415 1623 Christo
1429 1587 1579 1621 filiabus
1595 1589 1777 1632 magistre

135 1647 172 1679 et
191 1644 432 1688 Beghinabus
446 1643 549 1678 curie
566 1644 700 1678 Sancte
720 1645 879 1688 Agnetis
899 1654 1017 1687 prope
1049 1646 1203 1687 opidum
1235 1644 1361 1678 Sancti
1388 1644 1577 1677 Trudonis
1605 1645 1643 1677 in
1667 1654 1776 1677 com-

134 1699 239 1731 muni
262 1698 486 1740 viventibus,
503 1700 723 1733 Leodiensis
740 1701 913 1742 diocesis,
940 1701 1100 1734 salutem
1125 1703 1163 1734 et
1186 1699 1432 1742 apostolicam
1458 1699 1771 1734 benedictionem.

178 1753 366 1788 Personas
380 1757 556 1788 vacantes
581 1756 728 1788 assidue
746 1756 883 1788 divinis
897 1756 1088 1797 obsequiis
1105 1764 1174 1797 per
1190 1755 1356 1788 studium
1372 1755 1434 1796 pie
1452 1754 1527 1787 vite
1545 1763 1588 1787 ac
1605 1754 1645 1786 in
1663 1755 1774 1788 bene-

131 1808 282 1852 placitis
299 1810 452 1843 Domini
466 1810 697 1844 delectantes
712 1810 876 1844 libenter
893 1811 1100 1853 apostolico
1118 1812 1247 1844 favore
1264 1810 1528 1853 prosequimur
1545 1811 1582 1842 et
1607 1810 1675 1850 eis,
1702 1820 1775 1851 que

133 1865 171 1897 in
206 1864 280 1897 hiis
303 1866 506 1908 presertim
533 1866 670 1899 divinis
696 1867 830 1899 officiis
862 1867 1033 1899 devotius
1061 1867 1240 1906 existunt,
1270 1866 1414 1899 intente
1449 1875 1516 1897 nos
1551 1864 1774 1898 exhibemus

131 1921 321 1963 propicios
346 1923 383 1954 et
407 1922 602 1964 benignos.
631 1922 727 1955 Sane
759 1923 893 1965 petitio
923 1924 1048 1955 vestra
1074 1931 1195 1965 nuper
1222 1922 1330 1954 nobis
1348 1920 1519 1954 exhibita
1540 1919 1772 1960 continebat,

132 1976 244 2018 quod,
269 1976 358 2010 lieet
385 1976 508 2010 felicis
532 1977 811 2010 recordacionis
845 1977 1016 2012 Clemens
1041 1987 1139 2020 papa
1166 1978 1330 2018 quintus,
1357 1976 1603 2018 predecessor
1632 1977 1773 2016 noster,

130 2033 269 2065 statum
285 2031 500 2073 mulierum,
515 2042 587 2074 que
601 2032 774 2076 Beghine
790 2033 1002 2076 vulgariter
1019 2035 1056 2066 et
1072 2034 1322 2066 communiter
1335 2032 1579 2071 vocabantur,
1593 2031 1773 2073 precipue

131 2086 177 2120 de
193 2087 404 2121 Allemanie
421 2088 604 2130 partibus,
631 2097 791 2130 quarum
808 2088 935 2130 alique
963 2089 1008 2122 de
1026 2098 1172 2122 summa
1196 2088 1367 2121 trinitate
1392 2089 1429 2120 et
1453 2086 1580 2119 divina
1603 2086 1774 2119 essencia

131 2142 323 2185 disputare
348 2144 386 2176 et
412 2143 526 2176 etiam
556 2144 766 2185 predicare,
793 2145 894 2177 circa
929 2143 1110 2177 articulos
1146 2153 1294 2185 quoque
1331 2143 1419 2175 fidei
1451 2145 1488 2175 et
1516 2140 1773 2175 ecclesiastica

131 2199 366 2231 sacramenta
379 2198 576 2240 opiniones
591 2198 678 2231 fidei
702 2199 872 2240 predicte
890 2199 1101 2231 contrarias
1119 2198 1359 2231 introducere
1388 2196 1668 2238 multorumque
1686 2197 1770 2228 sim-

129 2252 286 2295 plicium
300 2253 444 2286 animas
462 2253 500 2285 in
514 2253 682 2286 diversos
699 2262 813 2296 super
825 2253 899 2286 hiis
912 2262 1063 2287 errores
1087 2254 1270 2286 inducere
1287 2255 1324 2286 et
1342 2252 1417 2286 alia
1430 2252 1549 2285 multa
1562 2252 1772 2284 animarum

129 2307 301 2350 pericula
316 2308 504 2350 parientia
520 2308 645 2342 facere
665 2309 732 2341 sub
750 2309 876 2341 fucato
901 2309 1111 2342 sanctitatis
1136 2307 1322 2341 velamine
1348 2307 1629 2349 presumebant,
1647 2306 1773 2349 prohi-

131 2363 294 2397 bendum
311 2364 493 2406 perpetuo
511 2363 664 2396 duxerit
688 2366 725 2397 et
742 2373 764 2397 a
782 2364 851 2397 Dei
877 2363 1039 2397 ecclesia
1055 2364 1240 2406 perpetuo
1259 2362 1498 2402 abolendum,
1516 2362 1555 2395 in
1573 2362 1672 2402 illas,
1699 2371 1771 2404 que

131 2420 270 2452 statum
285 2418 502 2451 huiusmodi
525 2419 602 2460 Jam
620 2421 852 2462 assumptum
876 2419 1037 2452 ulterius
1054 2420 1304 2458 sectarentur,
1323 2419 1388 2451 aut
1410 2426 1483 2459 que
1500 2417 1545 2450 de
1564 2427 1658 2450 novo
1676 2417 1770 2450 illud

130 2475 378 2514 assumerent,
407 2475 808 2508 excommunicationis
834 2475 1061 2508 sententiam
1094 2473 1397 2516 promulgand03
1423 2474 1549 2506 tamen
1574 2473 1770 2515 postmodo

128 2529 355 2564 venerabilis
389 2530 510 2563 frater
544 2532 672 2563 noster
709 2529 917 2572 Adulphus,
948 2531 1146 2572 episcopus
1182 2529 1416 2568 LeodiensiS,
1455 2528 1682 2562 auctoritate
1708 2528 1770 2570 pie

130 2586 311 2619 memorie
323 2583 509 2618 Johannis
527 2593 621 2626 pape
639 2585 807 2618 vicesimi
823 2585 992 2625 secundi,
1021 2584 1300 2627 predecessoris
1329 2584 1461 2623 nostri,
1493 2583 1563 2615 sibi
1589 2592 1657 2625 per
1684 2592 1770 2615 suas

129 2640 223 2672 certi
241 2639 527 2674 tenorisliteras
555 2641 592 2674 in
607 2650 652 2674 ea
668 2642 775 2683 parte
793 2650 988 2675 concessas
1015 2641 1190 2683 diligenti
1220 2649 1334 2682 super
1361 2641 1439 2673 vita
1463 2642 1590 2674 vestra
1614 2641 1769 2682 inquisi-

130 2695 238 2728 cione
274 2695 484 2738 prehabita,
524 2706 608 2730 cum
647 2697 852 2738 reperisset
882 2706 951 2739 per
986 2696 1276 2738 inquisicionem
1315 2696 1473 2729 eandem
1512 2705 1576 2728 vos
1613 2696 1769 2738 prefatis

130 2750 452 2792 disputacionibus
466 2753 504 2785 et
516 2752 844 2794 predicacionibus
858 2762 931 2785 non
946 2751 1147 2785 involvisse
1165 2760 1233 2784 nec
1251 2751 1456 2791 involvere,
1487 2759 1556 2784 nec
1573 2752 1769 2793 opiniones

129 2807 339 2839 contrarias
363 2806 547 2840 catholice
566 2807 653 2841 fidei
671 2816 736 2840 seu
754 2806 849 2840 alios
866 2817 1015 2841 errores
1029 2807 1271 2840 introducere
1290 2807 1562 2848 presumpsisse
1587 2805 1768 2839 hactenus

129 2861 186 2895 vel
204 2871 435 2905 presumere,
454 2864 519 2896 sed
547 2873 611 2895 vos
637 2862 879 2897 laudabiliter
895 2866 933 2896 et
963 2862 1120 2896 honeste
1149 2862 1287 2895 vixisse
1306 2864 1345 2895 et
1372 2862 1498 2895 vivere
1523 2861 1669 2901 devote,
1695 2862 1767 2894 fre-

130 2920 312 2960 quentare
341 2919 519 2954 ecclesias
543 2921 581 2953 et
605 2918 762 2962 prelatis
788 2920 922 2953 vestris
954 2919 1174 2952 reverenter
1207 2918 1320 2951 etiam
1355 2917 1523 2958 obedire,
1549 2915 1767 2955 declaravit,

130 2973 230 3016 quod
241 2984 305 3007 vos
323 2976 456 3009 essetis
469 2978 506 3009 et
523 2984 605 3009 esse
629 2975 944 3017 permitteremini
970 2975 1110 3016 absque
1135 2972 1399 3007 molestatione
1424 2981 1648 3015 quacunque
1666 2972 1703 3004 in
1722 2980 1766 3005 eo
