2050 3470
244 301 307 334 108
878 301 1016 336 ANNO
1041 301 1226 334 1349-1350

242 412 417 444 dicebant
440 411 502 443 ubi
533 411 604 443 fuit
630 411 819 452 inceptum
848 412 886 444 et
903 420 969 452 pro
988 420 1061 452 qua
1090 421 1222 453 causa3
1243 411 1309 446 sed
1336 423 1524 455 nunquam
1540 415 1644 456 potui
1662 424 1774 458 super
1796 416 1867 450 hoc

240 466 439 499 certificari
458 466 503 498 ab
522 465 660 507 aliquo,
675 467 713 499 et
723 468 877 508 propter
894 467 963 499 hoc
981 475 1051 510 ego
1077 467 1204 500 solum
1239 468 1333 501 illud
1358 470 1457 510 quod
1481 470 1593 503 fiebat
1619 471 1657 503 in
1683 471 1865 513 Tornaco,

240 521 310 553 feci
337 521 553 561 registrare,
572 521 659 561 quia
675 521 720 554 de
745 522 898 554 remotis
924 523 1093 563 partibus
1124 523 1307 556 nescirem
1336 523 1461 558 dicere
1483 525 1692 559 veritatem.

285 575 414 607 Modus
442 575 614 607 veniendi
646 578 739 615 erat,
769 576 915 617 quando
944 577 1143 610 societates
1177 586 1215 610 50
1237 578 1506 618 adunaverunt,
1524 580 1632 613 modo
1657 580 1724 620 CC,
1756 582 1865 615 modo

240 630 337 669 CCC,
356 630 463 662 modo
482 629 738 671 pluresmodo
754 631 963 672 pauciores.
984 630 1141 664 Habitus
1161 641 1292 665 corum
1311 634 1393 666 erat
1407 634 1506 674 quod
1519 644 1631 676 super
1646 636 1868 670 vestimenta

240 693 307 716 sua
323 690 500 717 consueta
517 684 703 717 habebant
728 694 842 717 unum
871 685 1073 726 colobium,
1105 687 1203 727 quod
1226 687 1435 730 vulgariter
1457 687 1577 722 cloche
1597 699 1865 732 nuncupamus.

241 740 360 779 Super
376 748 448 779 quo
473 738 620 772 colobio
634 742 720 772 ante
737 739 925 772 habebant
947 741 987 772 in
1005 742 1157 782 pectore
1170 750 1281 774 unam
1298 750 1447 774 crucem
1471 743 1625 776 rubeam
1642 745 1680 777 et
1702 746 1803 778 retro
1826 746 1867 779 in

238 794 347 826 dorso
362 793 548 832 similiter,
558 795 596 826 et
612 795 694 826 erat
710 795 755 827 ab
774 803 848 827 una
865 796 974 836 parte
993 796 1164 836 scissum,
1176 797 1214 829 et
1230 796 1283 828 ibi
1299 797 1510 838 pendebant
1526 799 1754 840 scorpiones,
1768 801 1868 841 quod

235 848 444 890 vulgariter
460 849 618 881 dicimus
641 850 810 891 sco7yz'es,
839 851 916 882 tres
936 850 1057 882 nodos
1074 850 1256 884 habentes
1272 861 1280 892 3
1299 852 1336 884 et
1352 851 1389 884 in
1407 851 1574 892 quolibet
1590 854 1686 887 nodo
1703 855 1749 888 de
1765 855 1866 888 ferro

234 906 394 944 quatuor
407 904 609 944 puncturas
623 905 834 946 pungentes
849 905 952 937 velut
977 914 1066 938 acus
1081 916 1089 946 ς
1107 907 1145 938 01
1164 905 1356 938 habebant
1372 915 1438 939 sua
1450 907 1605 948 capucia
1617 915 1729 948 super
1744 907 1868 949 capita

234 966 377 996 corum,
396 959 433 990 et
449 957 611 999 desuper
628 967 744 991 unum
762 958 967 1001 capellum,
987 960 1025 992 in
1043 969 1114 1001 quo
1134 961 1215 993 erat
1231 969 1306 994 una
1318 970 1409 993 crux
1422 961 1540 994 rubea
1555 962 1711 994 consuta
1727 961 1814 995 ante
1829 962 1868 995 et

236 1013 350 1050 retro,
365 1014 557 1054 portantes
575 1012 726 1046 baculos
751 1014 1045 1055 penitentiarios
1070 1015 1108 1047 in
1127 1015 1311 1048 manibus.
1332 1015 1379 1048 Et
1395 1016 1578 1048 intrantes
1606 1015 1645 1048 in
1662 1015 1865 1057 civitatem,

236 1066 482 1107 portabantur
506 1075 610 1106 crux,
635 1067 774 1101 vexilla
799 1070 836 1101 et
857 1069 957 1102 cerei
971 1070 1061 1102 torti
1079 1070 1282 1102 secundum
1297 1079 1406 1112 posse
1430 1079 1572 1109 eorum,
1589 1069 1706 1111 aliqui
1723 1068 1864 1112 plures,

234 1119 351 1161 aliqui
379 1119 574 1161 pauciores
590 1131 599 1162 ;
629 1123 666 1154 et
696 1123 890 1155 cantantes
919 1124 955 1156 et
975 1124 1142 1157 ordinati
1160 1124 1278 1164 ibant,
1309 1125 1492 1157 cantando
1524 1123 1727 1157 secundum
1757 1133 1866 1158 suum

235 1175 395 1216 ydioma‚
415 1174 602 1218 Flamingi
628 1176 666 1208 in
693 1176 886 1219 flamingo,
912 1176 969 1210 1111
1003 1177 1048 1210 de
1076 1178 1281 1211 Brabantia
1305 1178 1344 1211 in
1367 1177 1597 1219 theutonico,
1615 1178 1654 1210 et
1677 1176 1811 1211 Gallici
1826 1177 1866 1210 in

234 1229 389 1272 gallico;
415 1231 452 1263 et
479 1231 517 1262 in
542 1230 750 1263 cathedrali
767 1231 928 1265 00010510
953 1233 1042 1265 01110
1069 1233 1286 1274 ymaginem
1311 1233 1419 1266 beate
1443 1233 1563 1267 Marie
1586 1233 1736 1266 cantum
1759 1241 1867 1265 suum

236 1285 426 1317 finiebant.
443 1285 580 1318 Postea
597 1286 634 1318 in
650 1287 733 1318 foro
751 1287 914 1320 civitatis
941 1286 998 1320 vel
1022 1288 1061 1320 in
1082 1289 1187 1320 curte
1214 1288 1333 1321 sancti
1358 1288 1513 1321 Martini
1530 1296 1569 1321 se
1587 1287 1811 1327 adunabant,
1829 1288 1868 1320 et

235 1340 323 1371 tunc
341 1340 386 1371 ad
404 1341 548 1381 partem
562 1349 601 1373 se
618 1340 812 1374 trahentes
827 1342 865 1374 in
881 1340 1008 1383 aliquo
1033 1342 1240 1375 diversorio
1266 1342 1324 1376 vel
1342 1342 1380 1375 in
1401 1342 1482 1375 loco
1501 1343 1547 1375 ad
1559 1342 1630 1375 hoc
1643 1343 1743 1384 apto,
1760 1343 1798 1376 et
1813 1341 1866 1375 ibi

234 1396 354 1427 vestes
372 1395 409 1427 et
421 1394 676 1429 calceamenta
693 1396 944 1437 deponebant,
960 1396 1142 1430 habentes
1160 1397 1212 1429 ibi
1233 1398 1406 1430 custodes
1422 1397 1556 1438 quiea,
1571 1397 1689 1430 donec
1704 1397 1866 1430 reverte-

235 1451 378 1488 rentur,
396 1451 681 1483 conservabant.
706 1450 916 1484 Veniebant
934 1452 1059 1485 autem
1084 1452 1129 1484 ad
1147 1451 1270 1484 locum
1287 1451 1467 1485 habentes
1484 1452 1608 1494 capita
1629 1455 1806 1494 cooperta
1821 1452 1867 1486 de

235 1504 312 1536 suis
328 1504 492 1546 capuciis
517 1506 554 1537 et
571 1504 682 1547 pileis
700 1506 874 1547 desuper,
895 1506 1004 1539 nudis
1020 1506 1190 1548 pedibus,
1211 1507 1308 1539 nudo
1334 1515 1504 1549 corpore,
1523 1506 1704 1540 habentes
1728 1507 1774 1540 de
1790 1505 1868 1540 tela

235 1567 348 1591 unum
380 1559 646 1592 vestimentum
681 1561 894 1593 confectum
926 1560 972 1594 ad
1005 1561 1125 1594 instar
1155 1561 1371 1594 vestimenti
1402 1562 1560 1594 istorum
1597 1561 1866 1602 furnariorum,

236 1613 382 1654 quando
401 1615 579 1647 exercent
591 1623 701 1647 suum
720 1624 823 1656 opus.
842 1615 946 1648 Istud
964 1616 1228 1649 vestimentum
1241 1616 1461 1656 vestiebant,
1472 1616 1571 1658 quod
1584 1617 1666 1649 erat
1677 1616 1796 1650 totum
1808 1625 1866 1650 ro-

237 1669 392 1701 tundum
405 1669 566 1710 desuper
578 1670 616 1702 et
628 1670 804 1710 inferius,
817 1672 855 1703 et
870 1670 1074 1712 cingebant
1091 1679 1131 1704 se
1148 1671 1245 1704 citra
1259 1671 1478 1704 umbilicum
1495 1680 1602 1704 suum
1619 1671 1779 1713 desuper
1801 1681 1869 1705 sua

234 1723 432 1756 femoralia
458 1725 496 1757 et
519 1726 600 1757 erat
617 1724 772 1767 longum
785 1735 902 1766 usque
914 1734 1030 1768 prope
1045 1727 1198 1766 terram,
1214 1727 1389 1759 tenentes
1401 1727 1617 1768 scorpiones
1629 1726 1669 1759 in
1678 1726 1863 1760 manibus.

236 1777 284 1810 Et
300 1778 446 1819 quando
463 1780 571 1812 erant
583 1780 622 1812 in
639 1779 766 1821 platea
782 1780 827 1813 ad
844 1780 915 1813 hoc
932 1782 1031 1823 apta,
1046 1781 1178 1814 modus
1199 1789 1330 1814 eorum
1347 1780 1433 1814 talis
1448 1782 1542 1821 erat,
1560 1781 1658 1822 quod
1674 1781 1867 1823 portantes

234 1841 376 1872 cruces,
393 1833 530 1866 vexilla
546 1835 583 1867 et
609 1843 739 1867 cereos
756 1835 941 1876 preibant,
968 1837 1006 1869 et
1023 1838 1111 1868 tunc
1129 1836 1396 1877 sequebantur
1410 1836 1505 1868 sieut
1521 1836 1628 1869 erant
1643 1835 1818 1876 ordinati,
1829 1837 1868 1870 et

234 1888 436 1920 secundum
449 1889 698 1929 quantitatem
713 1898 845 1923 eorum
862 1891 900 1922 et
915 1889 988 1922 loci
1002 1891 1292 1924 continentiam.
1311 1890 1359 1923 Et
1371 1891 1602 1932 incipiebant
1613 1891 1738 1924 facere
1751 1890 1867 1924 circu-

233 1941 325 1982 lum,
343 1944 380 1975 et
395 1942 583 1976 habebant
598 1943 836 1977 cantilenam
855 1945 1064 1978 ordinatam
1081 1946 1287 1978 secundum
1304 1955 1411 1978 suum
1428 1946 1590 1988 ydioma,
1616 1953 1727 1986 quam
1750 1946 1866 1979 canti-

236 1997 358 2030 lenam
397 1998 628 2039 incipiebant
659 2000 830 2032 cantores
868 2000 1044 2040 ordinati,
1074 2001 1210 2034 ceteris
1242 2009 1316 2033 una
1351 2009 1441 2032 voce
1475 1999 1798 2042 respondentibus,
1828 2000 1866 2032 et

235 2053 423 2085 faciebant
445 2053 628 2086 circulum
653 2055 836 2087 cantando
862 2057 900 2088 et
925 2056 1199 2098 respondendo,
1218 2057 1255 2088 et
1278 2056 1450 2088 cantores
1473 2055 1512 2088 et
1534 2054 1802 2096 respondentes
1825 2063 1866 2088 se

234 2108 478 2148 verberando,
499 2109 536 2142 et
554 2110 636 2142 erat
662 2109 852 2143 cantilena
869 2111 969 2143 facta
992 2110 1060 2143 tali
1079 2111 1201 2150 modo,
1224 2110 1323 2152 quod
1339 2110 1458 2142 tribus
1474 2109 1617 2142 vicibus
1633 2110 1802 2143 sternere
1825 2117 1866 2143 se

235 2162 431 2196 debebant.
451 2163 500 2196 Et
524 2164 673 2205 quando
699 2165 900 2198 veniebant
925 2165 970 2198 ad
1000 2165 1162 2207 primum
1182 2175 1345 2208 passum,
1363 2173 1490 2198 omnes
1514 2165 1553 2197 in
1579 2174 1653 2197 uno
1676 2166 1865 2198 momento

233 2218 311 2249 toto
330 2227 487 2259 corpore
503 2220 541 2252 et
553 2221 706 2261 pectore
723 2228 763 2252 se
777 2220 1085 2261 prosternebant,
1103 2222 1140 2254 et
1157 2220 1203 2253 de
1217 2219 1381 2253 brachiis
1395 2221 1433 2253 et
1448 2221 1525 2253 toto
1542 2228 1700 2262 corpore
1715 2228 1865 2253 crucem

234 2273 431 2305 faciebant.
457 2273 505 2306 Et
523 2275 723 2316 surgentes
741 2283 854 2316 super
871 2283 997 2317 genua
1012 2275 1181 2308 diversas
1195 2275 1417 2309 afflictiones
1438 2274 1639 2314 faciebant,
1664 2274 1704 2307 in
1719 2275 1865 2308 tantum

234 2328 331 2368 quod
344 2328 513 2361 videntes
532 2328 766 2362 mirabantur
783 2330 820 2362 et
846 2330 985 2363 fiebant
1008 2331 1046 2363 et
1071 2330 1396 2372 compatiebantur
1419 2338 1550 2363 eorum
1573 2328 1694 2362 labori
1714 2339 1724 2370 ;
1748 2329 1787 2362 et
1809 2329 1865 2362 sic

234 2382 422 2415 faciebant
434 2383 472 2414 in
490 2384 654 2417 secunda
669 2385 707 2417 et
723 2385 761 2417 in
776 2384 889 2418 tertia
913 2385 1006 2425 vice,
1022 2385 1238 2418 cantoribus
1254 2385 1295 2418 in
1317 2385 1440 2418 medio
1465 2383 1597 2417 circuli
1613 2384 1863 2425 cantantibus,

233 2437 273 2469 in
291 2438 425 2478 quibus
442 2439 551 2470 erant
566 2439 679 2472 duces
705 2448 848 2479 eorum,
867 2440 987 2473 curati
1005 2440 1150 2473 scilicet
1165 2441 1230 2473 aut
1245 2439 1416 2483 religiosi
1432 2439 1686 2476 mendicantes
1701 2438 1864 2482 religio-

235 2501 323 2524 num
351 2492 594 2526 diversarum.
623 2494 747 2527 Factis
777 2495 902 2528 autem
918 2494 1069 2528 circulis
1094 2498 1130 2528 ct
1147 2495 1414 2528 afflictionibus
1438 2495 1514 2527 suis
1531 2494 1802 2536 prosternendo
1826 2493 1865 2528 et

233 2547 479 2586 verberando,
522 2548 629 2581 finita
656 2548 860 2589 cantilena,
886 2558 1013 2582 omnes
1041 2558 1166 2592 genua
1196 2549 1408 2589 flectebant,
1445 2550 1483 2582 et
1511 2558 1607 2582 unus
1637 2547 1863 2592 reliogiosus

231 2600 395 2634 iaciebat
423 2603 771 2637 commendationes
798 2605 836 2637 01
864 2604 1068 2644 orationes,
1095 2604 1193 2637 sicut
1209 2605 1251 2637 fit
1275 2604 1314 2637 in
1339 2603 1519 2644 ecclesiis,
1537 2604 1575 2637 in
1602 2603 1798 2641 funeribus
1825 2605 1863 2637 et

234 2656 272 2688 in
290 2655 363 2689 fine
377 2665 614 2698 sermonum3
633 2659 671 2691 et
687 2658 829 2691 tamdiu
848 2660 956 2692 erant
972 2659 1078 2692 flexis
1095 2659 1279 2702 genubus,
1297 2667 1490 2700 quousque
1507 2659 1586 2700 ipse
1600 2658 1750 2692 finierat
1764 2667 1862 2692 corn-

231 2711 487 2744 mendationes
510 2721 596 2745 suas
625 2713 738 2754 atque
770 2722 914 2755 preces,
930 2715 967 2747 et
984 2714 1104 2746 tantas
1122 2713 1311 2747 faciebant
1333 2713 1653 2756 prosternationes
1679 2713 1717 2746 et
1740 2712 1862 2746 affiic-

231 2765 363 2805 tiones,
379 2766 477 2807 quod
495 2767 710 2808 piissimum
730 2769 813 2801 erat
831 2769 869 2801 et
894 2768 1078 2802 horribile
1094 2768 1223 2802 videre
1247 2768 1495 2810 presentibus.
1522 2767 1663 2806 Quibus
1686 2767 1860 2810 peractis,

232 2821 437 2862 surgebant
451 2821 490 2854 01
506 2823 698 2854 cantando
716 2823 762 2855 de
788 2824 899 2856 beata
914 2823 1070 2866 Virgine
1081 2824 1189 2865 Juxta
1202 2832 1310 2856 suum
1328 2823 1490 2865 ydioma,
1507 2823 1612 2856 ibant
1627 2823 1674 2856 ad
1689 2831 1729 2856 se
1740 2830 1863 2856 reves-

231 2874 412 2908 tiendum.
432 2875 480 2908 Et
497 2875 658 2917 pluries,
675 2878 877 2919 antequam
900 2878 1183 2918 revestirentur,
1209 2878 1295 2911 ante
1322 2878 1537 2920 ymaginem
1560 2877 1668 2911 beate
1694 2877 1862 2920 Virginis

232 2929 269 2961 in
301 2929 425 2971 aliquo
459 2930 541 2964 loco
575 2933 726 2965 cantum
754 2941 863 2965 suum
881 2933 1070 2967 finiebant.
1093 2933 1171 2966 Nec
1198 2934 1255 2966 est
1277 2932 1581 2974 pretereundum,
1612 2932 1711 2974 quod
1734 2932 1862 2975 alique

232 2986 440 3026 societates,
468 2996 541 3021 una
558 2987 642 3031 plus
666 2996 778 3031 quam
808 2987 895 3030 alia,
924 2988 1144 3023 afflictiones
1169 2989 1335 3023 diversas
1360 2988 1561 3022 faciebant.
1586 2987 1634 3022 Et
1655 2987 1858 3031 praedictis
