2050 3470
281 282 325 315 ⁸20
917 283 1054 317 ANNO
1081 285 1264 318 1175-1177

277 395 406 426 serunt
429 396 466 425 et
481 393 647 425 sentiunt
664 393 905 426 annunciare.
925 393 1063 426 Christi
1083 394 1202 436 igitur
1218 395 1315 428 bono
1335 395 1452 428 odore
1471 395 1556 429 aliis
1584 398 1683 431 vitae
1710 399 1747 432 in
1774 399 1902 441 vitam,

278 447 361 480 aliis
390 447 520 479 mortis
549 448 586 479 in
615 448 773 479 mortem
805 448 1096 489 circumquaque
1128 449 1249 492 magis
1271 459 1314 482 ac
1343 451 1464 493 magis
1495 452 1676 493 spirante,
1703 454 1839 487 accidit
1861 454 1904 487 ut

277 502 389 534 vicini
421 501 613 543 cujusdam
637 502 738 543 opidi
764 503 899 535 fratres
916 503 961 534 ab
974 502 1188 536 humilitate
1213 506 1342 537 nostra
1365 514 1405 538 se
1431 515 1578 547 quoque
1605 508 1800 541 erudiendi
1817 518 1901 551 gra-

275 557 328 588 tia
352 556 610 597 frequentibus
636 556 781 589 nunciis
809 558 1002 598 expeteret
1027 557 1104 599 (sic)
1127 558 1353 599 tandemque
1384 560 1569 593 veniendo
1602 562 1901 603 acquiescentem

277 611 368 643 satis
385 611 546 653 benigne
563 611 601 643 et
617 610 792 644 hilariter
807 611 999 653 exciperet
1017 611 1108 653 (sic).

319 665 409 698 Erat
427 668 552 698 autem
569 665 605 697 in
631 665 762 698 eodem
786 666 922 707 oppido
948 668 984 698 et
1004 667 1042 698 in
1059 667 1337 710 circumpositis
1356 668 1456 701 villis
1474 670 1705 703 consuetudo
1724 679 1902 712 perversa

276 721 313 752 et
337 720 582 760 detestabilis,
611 720 699 761 quia
723 720 897 752 videlicet
922 729 944 752 a
975 721 1169 762 baptizatis
1190 722 1369 764 parvulis,
1389 724 1433 756 ab
1454 724 1680 766 inungendis
1705 726 1861 767 egrotis,
1879 734 1902 758 a

277 775 566 816 suscipientibus
590 775 767 807 viaticum
785 776 990 815 morituris
1017 785 1038 809 a
1054 777 1281 819 sepeliendis
1301 778 1487 811 defunctis
1503 780 1632 820 precia
1651 780 1849 814 manifeste
1865 781 1904 814 et

275 830 540 869 irreverenter,
564 838 609 862 ne
626 829 748 862 dicam
768 828 967 869 violenter,
986 830 1231 872 tollebantur,
1251 832 1315 865 sed
1330 831 1463 872 adhuc,
1489 832 1584 865 heu!
1607 833 1805 867 tolluntur.
1819 833 1900 877 Ego

276 885 402 926 itaque
434 885 473 916 in
497 883 656 917 ecclesia
682 884 842 925 quadam
875 884 1123 927 regularium,
1147 888 1188 919 ut
1215 887 1368 927 dicitur,
1389 888 1655 921 canonicorum
1679 887 1902 931 hospitatus,

273 940 362 972 dum
379 940 509 971 contra
533 937 631 970 hunc
658 939 829 970 morbum
853 940 891 971 et
907 940 1033 972 cetera
1051 948 1198 981 queque
1215 940 1313 973 vicia
1330 941 1469 973 acriter
1485 941 1719 983 disputarem
1732 943 1770 975 et
1780 942 1901 985 dispu-

271 994 383 1027 tando
408 994 643 1035 proficerem,
669 993 782 1025 immo
807 992 1018 1034 ecclesiam,
1046 993 1121 1027 Deo
1147 996 1255 1034 teste,
1281 995 1466 1036 proficere
1498 996 1718 1038 gauderem,
1744 997 1837 1029 vidit
1863 998 1902 1031 et

273 1049 406 1082 invidit
430 1047 590 1080 humane
608 1047 739 1080 salutis
765 1048 939 1081 inimicus
957 1050 1152 1090 totumque
1171 1059 1210 1082 se
1235 1051 1392 1092 repente
1410 1051 1577 1083 obiciens
1597 1060 1712 1083 unum
1730 1059 1750 1084 e
1773 1051 1900 1084 fratri·

274 1105 342 1137 bus
358 1103 587 1144 memoratis,
614 1102 677 1142 qui
699 1111 834 1135 nomen
859 1103 1030 1145 magistri
1057 1104 1155 1144 quod
1180 1105 1334 1137 eatenus
1359 1105 1585 1146 gestaverat,
1610 1105 1802 1146 presentia
1816 1114 1901 1138 mea

272 1159 485 1194 obnubilari
503 1159 706 1197 metuebat,
728 1159 892 1199 primum
910 1158 1050 1192 invidie
1062 1159 1150 1192 tabo
1168 1160 1389 1201 corrumpit,
1405 1159 1540 1192 dehinc
1561 1160 1681 1193 totum
1697 1169 1794 1202 pene
1814 1169 1900 1193 con-

271 1216 424 1247 ventum
446 1213 548 1246 illius
580 1213 739 1246 ecclesie
757 1222 960 1254 omnesque
984 1213 1079 1246 alios
1105 1215 1407 1256 supradictorum
1430 1215 1645 1248 venditores
1663 1216 1701 1248 et
1727 1216 1900 1257 questum

271 1269 451 1311 pietatem
479 1268 712 1310 deputantes,
743 1267 877 1300 similis
908 1277 976 1310 per
1007 1277 1092 1302 eum
1109 1270 1284 1312 contagio
1303 1270 1349 1302 ad
1366 1270 1494 1302 odium
1511 1270 1549 1303 et
1567 1270 1839 1304 detractionem
1861 1270 1900 1303 in

270 1333 330 1356 me
361 1324 556 1356 convertit.
588 1323 846 1357 Observabant
875 1324 995 1366 igitur
1019 1326 1157 1358 cotidie
1184 1335 1223 1358 os
1241 1335 1379 1364 meum,
1412 1326 1453 1357 ut
1481 1325 1695 1358 invenirent
1718 1325 1817 1358 unde
1840 1333 1900 1358 me

272 1380 503 1420 accusarent,
516 1380 553 1412 et
569 1388 640 1422 ego
654 1380 879 1413 nesciebam.
898 1380 1066 1422 Contigit
1082 1381 1241 1423 interea,
1259 1383 1300 1413 ut
1317 1382 1402 1422 post
1418 1389 1631 1414 sermonem
1646 1380 1691 1413 ad
1708 1378 1900 1422 populum,

271 1434 332 1467 cui
346 1436 382 1467 et
394 1434 466 1475 ipsi
480 1434 617 1468 cotidie
631 1435 852 1475 intererant,
865 1435 910 1469 de
924 1436 1146 1476 quibusdam
1160 1436 1343 1469 secretius
1357 1437 1393 1469 et
1408 1437 1633 1477 frequenter
1644 1435 1900 1468 conferremus

270 1489 316 1522 ad
332 1489 492 1522 invicem
508 1490 609 1523 inter
625 1499 709 1531 que,
728 1490 816 1522 dum
833 1490 878 1523 de
896 1492 1129 1523 sacramento
1148 1492 1335 1523 Dominici
1355 1491 1527 1532 corporis
1545 1490 1746 1532 aliquando
1758 1489 1899 1522 tracta-

270 1555 408 1586 remus,
438 1546 589 1578 beatum
604 1545 856 1588 Augustinum
873 1545 919 1578 de
937 1554 980 1578 eo
998 1546 1036 1578 in
1054 1545 1123 1578 hec
1139 1547 1254 1579 verba
1272 1547 1498 1579 tractantem
1511 1545 1558 1578 ad
1575 1545 1740 1578 medium
1756 1544 1898 1577 deduco

270 1601 393 1642 ipsum
410 1601 447 1633 et
459 1609 533 1632 non
550 1600 684 1642 ipsum.
705 1599 810 1638 Quod
823 1601 1008 1641 quomodo
1028 1602 1199 1634 constare
1216 1601 1334 1642 possit
1351 1601 1630 1633 sciscitantibus
1651 1608 1797 1641 expono
1811 1598 1900 1640 quia

271 1657 393 1698 ipsum
409 1656 584 1694 essentia,
606 1664 680 1688 non
704 1655 827 1697 ipsum
844 1655 983 1688 visibili
1000 1657 1133 1689 forma.
1159 1656 1216 1689 Ad
1234 1665 1346 1697 quam
1362 1656 1647 1698 responsionem
1664 1653 1730 1687 ille
1753 1653 1899 1687 emulus

270 1720 374 1744 meus
398 1710 568 1753 gavisum
585 1719 624 1743 se
642 1709 835 1750 simulanS,
854 1711 959 1751 quasi
974 1711 1094 1744 adhuc
1112 1711 1258 1744 discere
1276 1710 1450 1750 volendo,
1465 1710 1529 1743 sed
1542 1718 1674 1743 revera
1688 1707 1899 1742 insidiando

269 1766 480 1808 interrogat
500 1775 507 1797 :
529 1779 543 1792 κ
563 1765 601 1798 Si
619 1766 715 1806 quis,
733 1765 833 1807 turpi
858 1765 965 1798 valde
990 1766 1158 1799 facinore
1183 1766 1396 1805 commisso,
1422 1765 1647 1807 resipiscens
1674 1764 1712 1797 et
1727 1763 1900 1805 penitens

272 1836 287 1849 n
306 1822 384 1853 toto
409 1820 546 1853 mentis
571 1820 781 1861 conamine,
805 1820 843 1852 id
867 1821 1042 1853 confiteri
1069 1821 1278 1862 appeteret,
1299 1820 1365 1853 sed
1389 1819 1460 1852 hoc
1483 1820 1563 1861 ipse
1581 1828 1602 1852 a
1618 1828 1657 1852 se
1673 1819 1900 1853 verecundia

272 1891 287 1905 n
306 1876 542 1918 repugnante
569 1874 672 1907 nullo
696 1875 806 1907 modo
836 1875 1007 1917 optinere
1030 1875 1174 1908 valeret
1197 1877 1235 1908 et
1258 1875 1312 1907 sic
1341 1875 1476 1916 obiret,
1503 1874 1595 1916 quid
1620 1874 1665 1907 de
1683 1883 1727 1907 eo
1758 1874 1898 1907 sentire

271 1946 287 1959 v»
306 1931 552 1963 deberemus?
572 1945 587 1958 ’ν
599 1930 655 1963 Ad
673 1931 771 1971 quod
796 1939 866 1972 ego
884 1931 1060 1972 respondi
1078 1939 1137 1963 me
1157 1939 1270 1972 super
1286 1930 1357 1962 hoc
1374 1929 1492 1962 nichil
1509 1929 1650 1971 legisse
1671 1929 1828 1970 ideoque
1845 1927 1898 1961 nil

270 1987 411 2018 temere
428 1984 593 2017 diffinire
610 1984 761 2024 audere,
781 1985 846 2017 sed
863 1986 1009 2017 tantum
1033 1985 1128 2017 mihi
1146 1984 1369 2026 simpliciter
1381 1984 1515 2024 videri,
1535 1984 1623 2024 quia
1641 1982 1899 2017 misericordia

269 2040 432 2079 Domini,
459 2041 565 2081 cujus
591 2049 665 2072 non
682 2041 738 2073 est
755 2049 932 2073 numerus
957 2041 995 2073 et
1011 2049 1083 2082 que
1107 2049 1290 2073 conversa
1312 2040 1463 2073 beatum
1486 2038 1710 2081 Apostolum
1731 2037 1898 2080 respexit

267 2098 306 2129 et
329 2096 375 2129 ad
392 2096 565 2128 lacrimas
582 2096 662 2128 sine
678 2096 780 2127 vocis
797 2096 1032 2128 confessione
1058 2096 1243 2136 incitavit,
1260 2095 1436 2128 fortassis
1456 2103 1529 2126 non
1546 2094 1582 2127 ei
1598 2094 1697 2127 esset
1713 2093 1898 2136 negatura

267 2151 437 2184 salutem.
455 2151 510 2184 De
526 2151 710 2192 baptismo
729 2159 876 2191 quoque
893 2150 1090 2190 sollicitor,
1105 2160 1152 2183 an
1169 2151 1250 2183 sine
1265 2159 1308 2183 eo
1327 2150 1446 2191 possit
1464 2149 1546 2191 quis
1565 2148 1714 2182 salvari.
1728 2147 1896 2189 Respon—

268 2206 338 2238 deo
362 2214 422 2238 me
438 2205 590 2248 legisse,
609 2206 698 2246 quia
713 2205 880 2245 minime,
907 2206 978 2237 nisi
1003 2205 1144 2238 habens
1170 2206 1208 2237 in
1226 2214 1266 2238 se
1283 2205 1364 2246 ipso
1392 2205 1505 2237 fidem
1519 2204 1556 2237 et
1573 2202 1715 2243 volens,
1741 2202 1806 2235 sed
1822 2210 1896 2234 non

268 2260 396 2293 valens
419 2260 559 2293 habere
585 2260 822 2302 baptismum.
848 2259 961 2292 Aliud
985 2269 1133 2301 quoque
1158 2259 1286 2293 dolose
1309 2260 1536 2302 interrogat,
1562 2257 1738 2291 videlicet
1753 2257 1784 2289 si
1808 2265 1895 2289 casu

268 2314 394 2356 aliquo
410 2314 470 2347 vel
498 2314 733 2357 negligentia
756 2323 853 2356 aqua
873 2315 996 2347 divino
1021 2325 1096 2348 non
1118 2316 1329 2357 apponatur
1357 2314 1547 2347 sacrificio
1579 2313 1643 2346 aut
1672 2312 1802 2344 vinum
1830 2319 1895 2344 seu

267 2370 426 2403 forsitan
437 2371 651 2411 utrumque,
667 2370 837 2403 oratione
854 2371 979 2403 tamen
994 2371 1031 2403 et
1044 2370 1119 2403 ritu
1134 2370 1319 2412 solempni
1334 2378 1449 2411 super
1469 2369 1508 2401 id
1521 2368 1619 2410 quod
1635 2366 1827 2400 residuum
1839 2365 1897 2398 est

268 2425 470 2465 celebrato,
488 2426 615 2458 utrum
633 2426 757 2457 ratum
773 2425 908 2458 debeat
925 2425 1058 2458 haberi
1081 2425 1312 2458 sacrificium
1329 2426 1367 2458 et
1386 2424 1494 2466 panis
1522 2422 1737 2465 propositus
1760 2429 1895 2463 corpus

268 2480 496 2513 credendum
513 2481 561 2512 sit
575 2480 825 2512 Dominicum.
851 2481 908 2513 Ad
922 2481 1020 2522 quod
1038 2489 1108 2522 ego
1135 2480 1303 2513 diversas
1327 2480 1562 2513 diversorum
1578 2487 1659 2512 esse
1676 2475 1893 2516 sententias,

265 2545 324 2568 me
341 2544 487 2576 quoque
506 2544 618 2576 super
634 2535 704 2567 hoc
729 2535 887 2575 diversa,
906 2536 1019 2568 immo
1044 2536 1202 2568 adversa
1226 2535 1382 2577 legisse,
1410 2535 1475 2567 sed
1499 2535 1626 2568 tamen
1642 2533 1678 2567 ei
1695 2535 1892 2575 sententie,

269 2600 341 2631 que
359 2590 457 2630 quod
473 2589 666 2622 residuum
679 2590 747 2628 est,
767 2598 903 2631 corpus
919 2590 1056 2622 asserit
1075 2589 1327 2630 Dominicum,
1348 2589 1470 2631 magis
1487 2587 1712 2623 consentire.

313 2645 382 2677 His
399 2646 436 2677 et
459 2644 587 2685 paucis
605 2643 688 2676 aliis
705 2643 890 2677 similibus
907 2644 953 2677 de
970 2653 1035 2677 ore
1060 2653 1143 2677 meo
1161 2644 1371 2686 gaudenter
1396 2643 1516 2685 raptis
1533 2644 1572 2676 et
1593 2643 1636 2676 ut
1651 2644 1897 2678 suscitaretur

269 2700 360 2732 mihi
378 2708 554 2740 pressura
570 2698 665 2731 male
679 2700 716 2731 et
740 2699 903 2732 scienter
919 2699 1189 2741 interpretatis,
1208 2699 1288 2731 sine
1314 2707 1411 2738 me0,
1431 2699 1513 2731 sine
1537 2707 1617 2738 suo,
1641 2699 1722 2732 sine
1738 2698 1819 2740 ejus
1835 2698 1896 2731 cui

268 2756 508 2788 mitterentur
535 2754 698 2794 nomine,
725 2763 789 2787 sex
822 2754 966 2787 occulte
990 2754 1194 2787 conscribit
1217 2753 1388 2786 scedulas
1414 2754 1452 2786 et
1476 2762 1545 2795 per
1574 2753 1740 2787 diversas
1779 2753 1895 2786 mittit

268 2811 444 2843 ccclesias
461 2809 498 2840 in
516 2808 585 2841 hcc
601 2810 716 2842 verba
739 2818 746 2840 :
780 2824 795 2836 ιι
815 2809 915 2841 Dicit
939 2819 1012 2841 non
1037 2818 1119 2842 esse
1146 2817 1277 2842 verum
1305 2818 1440 2850 corpus
1473 2808 1637 2849 Domini,
1655 2809 1753 2850 quod
1769 2817 1894 2842 conse-

265 2868 392 2898 cratur
419 2865 457 2896 in
481 2862 604 2903 altari,
625 2874 697 2896 non
715 2873 796 2896 csse
821 2865 1072 2897 necessariam
1097 2864 1384 2903 confessionem,
1413 2862 1619 2896 humanum
1642 2871 1763 2906 genus
1785 2872 1894 2905 posse

267 2920 403 2953 salvari
420 2920 500 2951 sine
516 2919 713 2959 baptismo,
732 2919 835 2952 licite
854 2928 962 2961 posse
979 2919 1133 2952 missam
1157 2918 1342 2952 celebrari
1367 2918 1447 2951 sine
1469 2927 1568 2959 aqua
1591 2919 1629 2952 et
1650 2918 1750 2952 vino.
1770 2933 1787 2948 ’ν
1813 2918 1893 2952 Hec

265 2977 389 3007 autem
407 2983 451 3006 ex
466 2974 784 3015 suprarli‹·tis,que
802 2974 994 3009 maliciose
1010 2975 1323 3018 interrogaverat,
1334 2973 1536 3016 prudentia
1546 2974 1668 3008 vestre
1681 2974 1891 3007 sanctitatis

2003 3152 2014 3165 ·
2003 2919 2026 3132 -2:⁴„⁵:v4;„v·2'⁵2...‡
2009 2896 2010 2899 ⁴
