2050 3470
289 281 350 316 130
932 276 1068 310 ANNO
1096 276 1284 308 1349-1350

284 394 350 436 nis
369 396 412 435 te
434 390 660 433 bekomen.
687 388 745 430 Te
763 387 896 444 gelijk
916 386 1092 429 werden
1111 386 1163 429 de
1179 386 1316 429 Joden
1334 385 1661 442 onbarmhartig
1679 387 1904 444 vervolgd‚

282 462 557 516 uitgenomen
581 462 623 500 te
645 456 846 512 Avignon
870 468 921 498 en
955 456 998 497 in
1021 454 1073 497 de
1095 454 1255 497 andere
1285 454 1524 511 pauselijke
1545 454 1696 498 Staten
1719 454 1906 497 alsmede

281 529 323 572 in
343 529 395 571 de
411 526 553 583 rijken
576 525 653 568 der
671 524 889 580 koningen
915 537 998 566 van
1021 522 1196 579 Spanje‚
1223 523 1400 579 Aragon
1420 536 1473 564 θη
1495 523 1706 576 Navarra,
1726 522 1794 565 die
1811 523 1904 566 veel

279 595 543 640 vluchtende
574 593 709 637 Joden
735 593 841 649 goed
867 591 1130 635 onthaalden
1154 605 1208 634 en
1225 590 1550 634 beschermden.

327 699 522 732 Troisieme
545 695 745 729 re'daction.
766 695 822 727 En
846 694 919 727 l'an
945 694 990 727 de
1014 703 1147 736 grascc
1171 693 1514 735 Nostro-seigneur
1537 694 1586 727 M.
1607 694 1645 727 C.
1665 694 1702 726 C.
1722 693 1760 726 C.
1779 693 1903 727 XLIX

276 754 421 788 alerent
438 753 464 785 11
480 752 655 794 peneant‚
680 752 718 784 et
734 750 887 783 issirent
903 749 1197 791 premierement
1215 748 1483 790 d'Alemagn03
1511 750 1548 781 et
1571 749 1699 781 iurent
1721 757 1815 791 gens
1838 748 1903 790 qui

274 809 450 842 faisoient
465 807 681 849 penitances
693 804 868 848 publikes
886 807 923 838 et
939 813 978 837 se
993 805 1160 837 batoient
1177 803 1405 846 d'cscorgies
1420 804 1442 836 a
1455 803 1645 836 bourdons
1658 804 1696 836 et
1712 803 1901 846 aguillons

273 865 319 897 dc
337 865 418 903 sier,
428 864 508 896 tant
522 861 632 903 qu’ils
648 861 875 894 desciroient
891 859 992 893 leurs
1009 860 1075 892 dos
1093 861 1131 893 et
1146 859 1247 892 leurs
1265 858 1492 901 espaules‚et
1505 858 1724 892 chantoient
1740 868 1902 902 cancons

272 918 391 952 moult
414 919 578 960 pitenses
592 918 637 950 de
655 916 692 950 la
707 916 862 949 nativite
879 917 916 949 et
933 916 1144 948 souffrance
1160 915 1522 958 Nostre-Seigneur3
1541 916 1578 949 et
1602 924 1648 948 ne
1665 914 1818 957 pooient
1831 923 1901 957 par

272 973 355 1007 leur
367 972 577 1006 ordenance
588 972 682 1014 jesir
695 980 766 1013 que
783 980 856 1004 une
870 971 951 1003 nuit
968 980 1014 1004 en
1030 979 1104 1003 une
1118 971 1240 1003 bonne
1256 969 1359 1010 ville,
1378 971 1416 1003 et
1433 979 1472 1003 se
1486 970 1675 1012 partoient
1687 969 1797 1003 d'une
1809 969 1900 1003 ville

270 1038 338 1070 par
354 1028 576 1070 compagnie
593 1028 673 1060 tant
690 1027 762 1059 dou
776 1026 860 1069 plus
881 1035 953 1067 que
971 1026 1043 1058 dou
1069 1026 1201 1065 mains,
1214 1027 1252 1058 et
1265 1025 1406 1058 aloient
1422 1025 1502 1058 ensi
1518 1034 1587 1067 par
1603 1025 1639 1058 le
1653 1034 1745 1067 pays
1760 1025 1900 1058 faisant

269 1083 348 1116 leur
364 1083 560 1124 penitance
574 1081 743 1114 XXXIII
755 1082 859 1123 j0urs
876 1082 914 1113 et
927 1080 1039 1120 demi,
1051 1081 1155 1113 otant
1173 1088 1245 1121 que
1257 1079 1478 1112 ‹mesu-Cris
1496 1079 1572 1112 alla
1583 1089 1653 1122 par
1665 1081 1767 1112 terre
1779 1078 1895 1119 d'ans,

267 1142 302 1170 et
324 1138 407 1179 puis
431 1137 692 1170 retournoient
715 1145 761 1169 en
786 1135 888 1168 leurs
914 1135 1031 1168 biens.
1065 1135 1103 1168 Si
1128 1136 1186 1167 fut
1210 1135 1312 1168 ceste
1337 1143 1422 1167 cose
1441 1135 1672 1168 commencie
1688 1143 1758 1176 par
1784 1135 1898 1177 grant

265 1192 438 1225 humilite
451 1193 489 1225 et
504 1201 599 1234 pour
614 1201 728 1234 pryer
741 1192 763 1223 a
773 1191 909 1223 Nostre
923 1191 1086 1233 Signeur
1101 1189 1190 1231 qu’il
1201 1189 1331 1223 volsist
1342 1190 1553 1223 refraindre
1567 1199 1634 1222 son
1646 1190 1704 1223 ire
1720 1190 1758 1222 et
1769 1197 1894 1222 cesser

265 1256 324 1279 ses
340 1255 491 1289 verges3
505 1256 570 1279 car
582 1256 628 1280 en
645 1256 688 1279 ce
705 1248 824 1288 temps
843 1246 990 1278 couroit
1002 1254 1072 1287 par
1088 1246 1170 1278 tout
1188 1244 1224 1278 le
1241 1245 1377 1278 monde
1394 1245 1680 1288 generalement
1695 1253 1769 1277 une
1784 1243 1896 1277 mala-

264 1302 323 1334 die
336 1310 407 1343 que
425 1311 473 1334 on
485 1301 604 1334 clame
618 1301 913 1343 epydimie‚dont
926 1301 1012 1333 bien
1025 1299 1063 1332 la
1075 1300 1193 1332 tierce
1206 1300 1329 1341 partie
1343 1300 1392 1332 du
1407 1299 1543 1333 monde
1557 1301 1700 1342 morut;
1718 1301 1756 1333 et
1767 1300 1896 1333 iurent

261 1359 371 1392 faites
388 1368 456 1400 par
472 1367 532 1390 ces
549 1357 766 1398 penitances
790 1355 978 1397 plusieurs
995 1354 1115 1388 belles
1132 1355 1214 1396 pais
1240 1355 1285 1387 de
1302 1363 1403 1386 mors
1419 1354 1611 1394 d'ommes,
1630 1355 1679 1387 osi
1696 1363 1743 1388 θη
1759 1355 1895 1388 devant

260 1424 307 1446 on
325 1423 371 1448 ne
394 1414 498 1455 pooit
515 1415 614 1446 estre
631 1420 726 1445 venu
743 1420 812 1453 par
829 1419 982 1453 moyens
1004 1419 1050 1442 ne
1069 1409 1309 1443 aultrement.

303 1468 340 1501 Si
358 1477 404 1501 ne
421 1469 515 1500 dura
531 1467 636 1509 point
653 1468 752 1499 ceste
766 1474 851 1498 cose
868 1464 981 1497 lonch
995 1467 1137 1505 terme3
1157 1474 1222 1498 car
1239 1465 1267 1497 li
1285 1464 1417 1508 Eglise
1430 1465 1492 1498 ala
1508 1474 1554 1498 au
1573 1465 1722 1507 devant,
1748 1466 1786 1498 et
1808 1464 1892 1498 n’en

259 1525 367 1556 entra
383 1531 524 1563 onques
542 1521 605 1553 nul
623 1530 669 1553 au
684 1528 864 1562 royaume
881 1519 926 1552 de
947 1520 1104 1559 France,
1120 1528 1184 1551 car
1200 1519 1227 1551 li
1244 1520 1323 1552 rois
1342 1519 1378 1553 le
1402 1519 1585 1560 desfendi,
1609 1528 1679 1562 par
1694 1519 1731 1553 le
1754 1519 1891 1552 inhibi-

256 1579 336 1610 tion
353 1581 391 1610 et
407 1577 619 1610 correction
632 1575 704 1607 dou
722 1583 829 1616 pape,
856 1575 919 1615 qui
944 1574 1051 1615 point
1075 1583 1122 1606 ne
1146 1573 1223 1606 volt
1252 1583 1465 1616 approuver
1489 1584 1561 1616 que
1585 1576 1687 1608 ceste
1704 1574 1816 1608 chose
1831 1575 1891 1608 fus

256 1634 302 1666 de
318 1632 432 1665 vaille
449 1631 470 1664 a
486 1631 608 1670 l'ame,
628 1639 724 1672 pour
736 1629 924 1671 plusieurs
941 1638 1055 1671 grans
1078 1628 1228 1662 articles
1247 1630 1285 1662 et
1301 1629 1446 1662 raisons
1464 1638 1537 1670 que
1553 1629 1581 1661 il
1598 1630 1698 1670 mist,
1716 1629 1890 1672 desquels

254 1689 291 1730 je
315 1697 374 1720 me
398 1686 565 1729 passerai
594 1686 695 1718 asses
721 1685 936 1717 briefment.
955 1684 1003 1717 Et
1026 1685 1155 1717 furent
1178 1685 1261 1716 tout
1286 1683 1321 1717 le
1346 1684 1561 1726 beneficyet
1583 1686 1622 1718 et
1644 1686 1726 1718 tout
1749 1684 1889 1725 clerch‚

255 1742 318 1783 qui
344 1742 422 1775 este
446 1752 469 1784 y
495 1741 656 1780 avoient,
684 1741 939 1781 escumenyet,
965 1741 1003 1772 et
1028 1748 1075 1772 en
1099 1739 1252 1772 convint
1276 1739 1330 1772 les
1348 1739 1537 1781 pluiseurs
1553 1739 1634 1774 aler
1649 1749 1696 1774 θη
1719 1741 1828 1773 court
1843 1740 1889 1773 de

253 1797 424 1836 Romme,
443 1805 539 1838 pour
556 1804 648 1837 yaus
666 1795 824 1837 purgier
841 1798 878 1827 et
892 1794 988 1826 faire
1013 1794 1166 1827 absone.

296 1851 349 1883 En
362 1861 404 1885 ce
419 1853 539 1893 temps
556 1851 683 1883 furent
698 1848 983 1892 generalement
995 1858 1064 1891 par
1077 1850 1159 1881 tout
1171 1848 1207 1882 le
1222 1849 1358 1882 monde
1370 1850 1449 1891 pris
1467 1849 1495 1882 li
1510 1849 1608 1891 Juis,
1623 1850 1661 1883 et
1684 1858 1757 1891 arS,
1772 1851 1810 1883 et
1825 1860 1888 1884 ac-

253 1907 335 1948 quis
349 1906 376 1938 11
390 1907 512 1939 avoirs
525 1915 563 1938 as
580 1906 755 1948 signeurs
770 1905 904 1937 desous
918 1904 981 1945 qui
999 1903 1026 1936 il
1046 1904 1294 1944 demoroient,
1311 1906 1348 1937 et
1366 1905 1521 1947 excepte
1534 1914 1580 1938 en
1596 1905 1768 1947 Avignon
1785 1906 1823 1939 et
1838 1914 1885 1939 en

251 1962 288 1995 la
303 1967 404 1994 terre
418 1961 463 1994 de
491 1960 659 2002 l’Eglise,
678 1960 812 1992 desous
830 1959 885 1991 les
903 1958 979 1991 cles
996 1958 1068 1991 dou
1088 1967 1194 2000 pape.
1215 1957 1294 1991 Chil
1312 1960 1419 2001 poire
1434 1959 1531 1999 Juis,
1548 1959 1612 2001 qui
1630 1959 1711 1992 ensi
1724 1960 1886 1993 escaciet

251 2018 424 2056 estoient,
451 2016 574 2056 quand
603 2014 629 2047 il
653 2014 807 2057 pooient
831 2014 937 2047 venir
952 2014 1107 2055 jusques
1137 2014 1156 2046 a
1181 2014 1228 2053 la,
1255 2014 1441 2047 n’avoient
1468 2014 1586 2057 garde
1609 2014 1655 2048 de
1681 2015 1812 2047 morts.
1837 2014 1886 2047 Et

249 2071 399 2104 avoient
422 2070 477 2103 les
492 2070 515 2102 J
520 2070 576 2102 uis
601 2070 693 2102 sorti
712 2069 797 2102 bien
821 2068 845 2099 C
869 2077 935 2101 ans
960 2078 1006 2101 en
1031 2068 1166 2101 devant
1190 2077 1275 2109 que,
1301 2070 1417 2110 quant
1441 2078 1515 2102 une
1539 2069 1709 2102 maniere
1725 2069 1771 2102 de
1788 2078 1883 2112 gens

250 2126 471 2168 apparoient
487 2135 533 2158 au
551 2125 685 2157 monde
703 2125 765 2165 qui
779 2124 886 2156 venir
899 2124 1085 2163 devoient,
1101 2124 1164 2164 qui
1181 2124 1417 2165 porteroient
1430 2124 1563 2157 flaiaus
1582 2124 1628 2156 de
1644 2125 1730 2165 fier,
1748 2125 1829 2158 ensi
1845 2124 1882 2158 le

250 2181 395 2213 bailloit
411 2180 512 2213 leurs
529 2189 623 2221 sors,
638 2179 684 2211 ils
698 2179 863 2212 seroient
876 2180 957 2210 tout
973 2179 1115 2211 detruit
1129 2189 1137 2219 ς
1153 2181 1191 2212 et
1203 2180 1303 2212 ceste
1317 2179 1530 2221 exposition
1548 2178 1632 2212 leur
1648 2180 1689 2212 su
1706 2179 1880 2220 eclarcie‚

248 2237 371 2277 quand
388 2235 415 2268 li
432 2235 561 2268 dessus
579 2235 633 2267 dit
648 2234 900 2276 penitenciers
918 2233 1079 2266 allerent
1092 2243 1184 2275 yaus
1200 2234 1341 2274 batant,
1360 2234 1439 2267 ensi
1456 2243 1529 2276 que
1546 2234 1676 2267 dessus
1695 2235 1752 2267 est
1767 2234 1837 2267 dit.

294 2312 504 2349 Quam-ieme
526 2310 730 2344 redaction.
758 2311 813 2343 En
842 2310 916 2343 l'an
936 2311 981 2343 de
1006 2312 1119 2352 grace
1145 2311 1465 2354 Nostre—Signeur
1482 2310 1586 2344 mille
1605 2310 1629 2341 C
1653 2311 1677 2343 C
1692 2311 1728 2343 C.
1754 2310 1878 2343 XLIX

247 2367 392 2400 alerent
409 2367 435 2399 li
462 2369 613 2409 ponant,
638 2370 676 2400 et
700 2367 851 2399 issirent
883 2366 1175 2407 premierement
1199 2366 1457 2409 d'Alemagne,
1485 2369 1523 2399 et
1549 2367 1678 2399 furent
1693 2366 1876 2406 hommes,

246 2422 362 2463 liquel
380 2423 555 2455 faisoient
571 2422 787 2463 penitances
805 2421 1015 2462 publiqueS‚
1034 2424 1072 2453 et
1089 2429 1128 2453 se
1146 2421 1314 2454 batoient
1331 2421 1558 2464 d’escorgies
1575 2421 1597 2454 a
1613 2430 1707 2454 neus
1723 2420 1813 2453 durs
1829 2420 1876 2453 de

246 2478 331 2517 quir
354 2478 463 2510 farsis
488 2478 534 2510 de
557 2477 692 2518 petites
710 2476 947 2517 pointelettes
964 2476 1010 2508 de
1034 2476 1115 2515 fier,
1141 2477 1234 2508 etse
1258 2476 1436 2509 faisoient
1461 2476 1487 2508 li
1508 2485 1635 2518 auqun
1652 2477 1760 2509 entre
1784 2475 1876 2508 deus

245 2529 416 2570 espaules
433 2530 558 2562 sanier
574 2528 692 2561 moult
708 2528 990 2567 vilainnement,
1010 2530 1048 2560 et
1064 2537 1231 2569 auqunes
1245 2529 1341 2562 scies
1359 2530 1516 2561 femmes
1535 2529 1685 2561 avoient
1701 2527 1876 2570 drapeles

245 2584 462 2624 apparillies
479 2586 517 2616 et
532 2582 784 2624 requelloient
803 2592 846 2616 ce
863 2592 951 2615 sanc
975 2584 1013 2614 et
1036 2581 1072 2615 le
1097 2583 1279 2615 metoient
1301 2573 1424 2616 alors
1447 2583 1544 2617 ieuls
1562 2585 1600 2616 et
1616 2583 1780 2616 disoient
1803 2590 1876 2624 que

244 2639 388 2672 c'estoit
405 2648 492 2672 sanc
505 2640 550 2671 de
564 2638 731 2677 miracle,
744 2642 781 2671 et
794 2638 1024 2677 chantoient,
1035 2646 1082 2670 en
1094 2638 1233 2671 faisant
1245 2638 1322 2671 lors
1339 2640 1569 2681 penitances,
1582 2648 1742 2681 canoons
1755 2636 1875 2670 moult

244 2694 406 2735 piteuses
419 2695 465 2727 de
478 2694 515 2727 la
531 2694 687 2727 nativite
712 2694 1031 2735 Nostre-Signeur
1049 2694 1086 2725 et
1099 2693 1145 2725 de
1162 2702 1203 2725 sa
1219 2694 1339 2727 sainte
1353 2695 1584 2741 souffrance3
1604 2695 1642 2727 et
1657 2695 1698 2727 fu
1711 2693 1874 2735 emprise

244 2752 342 2781 ceste
357 2750 553 2790 penitance
570 2750 592 2781 a
612 2749 706 2781 faire
720 2758 816 2790 pour
828 2748 923 2781 faire
940 2750 1074 2790 pryere
1087 2748 1110 2780 a
1121 2747 1213 2780 Dieu
1230 2757 1326 2789 pour
1343 2758 1467 2782 cesser
1479 2749 1517 2782 la
1533 2748 1737 2789 mortaline,
1748 2757 1813 2782 car
1825 2757 1872 2781 en

243 2812 284 2835 cc
298 2808 417 2845 temps
433 2804 479 2836 de
493 2804 530 2836 13
545 2805 643 2836 mort
659 2806 697 2836 et
710 2804 794 2835 hoie
807 2807 845 2836 et
861 2803 1059 2845 epidemie,
1085 2802 1139 2836 les
1170 2811 1263 2845 gens
1288 2804 1473 2837 moraient
1497 2803 1806 2843 soudainement3
1833 2803 1871 2835 et

242 2862 433 2890 mox-urent
448 2859 533 2890 bien
548 2867 594 2890 θη
607 2867 649 2891 ce
665 2861 799 2899 tempS,
818 2866 886 2899 par
901 2857 1052 2890 univers
1069 2857 1216 2897 monde,
1231 2857 1268 2890 la
1281 2858 1397 2891 tierce
1409 2858 1533 2900 partie
1547 2858 1620 2890 dou
1637 2856 1787 2900 peuple,
1801 2856 1867 2898 qui

240 2922 335 2954 pour
347 2912 423 2944 lors
439 2913 675 2955 resgnoient3
701 2915 739 2945 et
751 2921 812 2945 ces
828 2921 981 2954 penans,
997 2911 1169 2953 desquels
1184 2912 1222 2953 je
1238 2913 1385 2954 parloie
1402 2913 1652 2955 maintenant,
1665 2911 1808 2946 aloient
1820 2911 1866 2944 de

239 2966 327 2999 ville
344 2976 388 3000 en
406 2966 494 3000 ville
511 2969 548 3000 et
572 2967 617 3000 de
641 2967 740 3000 chite
764 2975 810 3000 en
827 2966 928 3000 chite
944 2975 1013 3009 par
1035 2967 1290 3009 compagnies,
1318 2969 1355 3002 et
1370 2968 1562 3011 portoient
1586 2977 1648 3001 sus
1665 2967 1743 3000 lors
1765 2965 1867 3000 chief
