2050 3470
754 255 892 292 ANNO
919 255 1004 290 1423
1628 256 1695 290 255

52 369 129 414 het
151 371 294 413 eerste
315 367 487 420 vonnis,
522 370 567 412 te
589 368 799 412 Florence
830 367 936 411 door
958 366 1042 411 den
1081 365 1312 410 kardinaal
1346 380 1432 411 van
1467 366 1686 425 Aquileja.

54 439 115 482 De
132 452 238 495 paus
255 437 426 482 beveelt
447 436 674 481 Serrurier
696 451 748 494 op
772 436 1078 493 voorbeeldige
1103 435 1229 493 wijze
1253 440 1297 480 te
1321 434 1522 489 straffen,
1550 436 1695 479 welke

55 507 138 552 ook
160 507 212 551 de
232 507 424 551 redonen
448 507 589 564 zijner
620 507 791 550 nieuwe
812 506 1095 562 aanhouding
1117 518 1272 562 mogen
1291 509 1486 562 geweest
1510 506 1612 563 zijn.
1636 506 1695 548 De

53 578 169 619 twee
209 575 599 632 veroordeelingen
644 589 729 618 van
767 575 994 619 Serrurier
1037 574 1182 617 zullen
1240 573 1540 630 onmiddellijk
1585 587 1694 616 naar

55 645 287 688 Lausanne
309 644 589 701 opgezonden
616 644 812 696 worden,
841 644 971 700 opdat
1005 643 1057 686 de
1090 642 1293 699 bisschop
1328 643 1510 699 volgens
1534 642 1586 686 de
1619 656 1693 699 ge-

53 727 182 757 wone
204 714 348 770 regels
371 716 502 771 tegen
526 713 609 756 den
634 713 782 757 ketter
805 727 883 756 zou
903 713 1083 756 kunnen
1102 715 1146 755 te
1170 711 1321 755 werke
1346 725 1476 768 gaan.

99 809 285 843 Martinus
309 809 519 851 episcopuS,
549 810 620 842 etc.
646 808 865 843 Venerabili
892 809 1002 843 tratri
1028 809 1204 852 episcopo
1224 809 1456 843 Lausanensi
1481 808 1641 842 salutem
1659 809 1698 842 ct

55 864 300 907 apostolicam
325 864 640 898 benedictionem.

101 920 206 954 Sicut
220 920 343 962 pridie
360 920 428 952 tibi
446 919 666 961 scripsimus
689 929 758 962 per
782 929 898 953 unum
916 921 1031 953 breue
1050 920 1235 962 nostrum,
1260 920 1306 953 ad
1333 921 1501 953 nostram
1519 919 1693 953 notitiam

55 976 113 1010 est
129 975 344 1015 deductum,
359 975 456 1017 quod
473 975 625 1017 quidam
643 975 822 1009 Nicolaus
840 975 1043 1016 Scrurarii‚
1058 977 1252 1018 professor
1265 975 1408 1008 ordinis
1422 975 1693 1009 heremitarum

56 1031 157 1065 beati
171 1031 388 1074 Augustini,
403 1031 517 1064 certis
531 1039 576 1064 ex
589 1032 712 1064 causis
729 1032 797 1064 sub
812 1032 877 1064 tua
894 1031 1064 1064 custodia
1081 1031 1283 1064 detinetur.
1300 1031 1348 1064 Et
1363 1031 1453 1073 quia
1466 1030 1570 1063 nullo
1584 1030 1695 1062 modo

55 1085 349 1128 volumus,quod
362 1096 430 1128 pro
446 1087 560 1119 tantis
574 1087 655 1119 eius
669 1086 790 1128 culpis
804 1088 842 1119 et
856 1087 1063 1126 demeritis,
1076 1087 1234 1119 forsitan
1249 1088 1285 1120 te
1302 1086 1517 1128 ignorante,
1530 1087 1699 1119 transeat

56 1142 275 1184 impunitus,
294 1142 552 1185 significamus
565 1142 634 1174 tibi
649 1143 761 1184 quod,
777 1151 861 1174 cum
879 1141 939 1174 hic
958 1140 1149 1182 Nicolaus,
1169 1142 1266 1174 sicut
1289 1142 1429 1174 fuimus
1443 1150 1465 1174 a
1482 1141 1554 1174 fide
1573 1141 1698 1184 dignis

55 1197 264 1238 informati,
289 1197 430 1230 dudum
458 1197 639 1239 populum
668 1197 947 1231 Tornaeensem
976 1197 1053 1229 suis
1078 1197 1206 1239 prauis
1231 1197 1471 1239 dogmatibus
1488 1196 1696 1237 infecisset,

57 1251 180 1286 clerus
208 1253 247 1286 et
273 1252 474 1286 ecclesiam
499 1253 567 1286 Dei
597 1253 897 1295 scandalizando,
926 1254 964 1286 et
995 1252 1237 1294 quamplures
1265 1261 1415 1285 errores
1443 1251 1697 1285 Wieklefista·

56 1317 141 1341 rum
172 1308 211 1341 et
235 1307 476 1341 Hussitarum
495 1309 729 1349 seminando,
748 1318 841 1350 quos
860 1309 898 1341 in
916 1317 1026 1341 sacro
1052 1307 1224 1350 generali
1242 1307 1402 1340 concilio
1418 1306 1698 1340 Constantiensi

55 1362 206 1405 publice
223 1363 432 1402 reuocauit,
461 1363 734 1396 condemnatus
751 1364 824 1395 fuit
841 1372 909 1405 per
925 1364 1067 1396 certam
1082 1363 1309 1396 sententiam
1328 1361 1555 1395 venerabilis
1570 1362 1701 1394 fratris

54 1416 331 1456 Joannis,tunc
359 1415 577 1457 patriarche
609 1415 1032 1457 Constantinopolitani,
1062 1424 1160 1447 nunc
1185 1414 1460 1456 archicpiscopi
1485 1414 1702 1448 Rothoma-

56 1471 197 1514 gensis,
216 1472 348 1504 contra
366 1480 452 1504 eum
468 1470 598 1511 latam,
620 1480 732 1512 quam
748 1471 829 1513 ipse
853 1470 1086 1514 emologauit
1103 1472 1140 1503 et
1158 1471 1383 1512 acceptauit.
1402 1469 1445 1503 In
1471 1479 1545 1512 qua
1562 1470 1701 1502 dicitur

55 1526 157 1560 inter
181 1527 309 1560 cetera
337 1528 527 1567 contenta,
557 1527 656 1568 quod
682 1527 763 1568 ipse
791 1526 971 1559 Nicolaus
996 1526 1153 1560 deberet
1170 1535 1237 1567 per
1254 1525 1347 1558 duos
1365 1535 1483 1558 annos
1501 1526 1699 1558 continuos

56 1582 96 1615 in
113 1582 268 1616 ciuitate
285 1582 459 1622 Metensi,
475 1584 511 1616 et
526 1583 564 1615 in
578 1584 767 1616 conuentu
781 1583 838 1614 sui
853 1582 996 1615 ordinis
1013 1590 1224 1621 remanere,
1241 1581 1342 1614 omni
1357 1581 1698 1614 communicatione

57 1636 242 1671 laicorum
258 1637 329 1670 sibi
344 1638 492 1679 penitus
509 1638 726 1678 interdicta,
737 1639 775 1671 et
791 1647 859 1679 pro
878 1639 956 1670 toto
972 1638 1143 1678 tempore
1158 1637 1233 1670 vite
1249 1646 1315 1670 sue
1329 1636 1505 1669 ciuitates
1523 1637 1561 1670 et
1579 1636 1701 1670 dioce-

56 1702 116 1727 ses
133 1693 412 1727 Tornaeensem
427 1694 464 1726 et
478 1693 801 1733 cameracensem,
817 1701 1043 1733 omnemque
1056 1692 1256 1734 regionem
1273 1692 1567 1734 circumquaque
1581 1692 1698 1724 conti-

57 1758 172 1793 guam
187 1749 289 1782 infra
305 1749 465 1792 triginta
478 1748 618 1788 leucas,
635 1749 674 1781 et
687 1748 883 1781 ciuitatem
907 1757 950 1781 ac
976 1748 1159 1781 diocesim
1191 1747 1447 1781 Parisiensem
1474 1756 1543 1789 per
1571 1748 1701 1781 decem

57 1813 175 1838 annos
199 1813 222 1837 a
237 1804 299 1838 die
326 1804 598 1846 acceptationis
612 1804 712 1837 dicte
737 1803 924 1837 sententie
938 1803 1221 1844 computandos,
1239 1812 1314 1836 non
1330 1803 1493 1836 intraret
1508 1803 1576 1836 sub
1594 1803 1701 1844 penis

57 1859 369 1894 incarcerationis
392 1860 590 1902 perpetue,
631 1859 669 1892 et
708 1858 793 1892 aliis
832 1858 939 1900 penis
967 1858 1061 1891 iuris
1089 1859 1127 1892 et
1162 1858 1396 1891 remissionis
1432 1858 1478 1891 ad
1505 1857 1700 1891 brachium

57 1914 242 1949 seculare.

102 1971 150 2004 Et
173 1971 441 2005 nichilominus
479 1971 560 2014 ipse
600 1970 793 2011 Nicolaus‚
827 1971 925 2004 sicut
957 1970 1152 2010 asseritur,
1184 1970 1360 2004 ciuitates
1385 1971 1424 2004 et
1454 1970 1625 2003 dioceses
1658 1978 1701 2002 ac

58 2023 234 2067 regiones
251 2024 324 2057 sibi
341 2023 562 2057 interdictas
577 2024 623 2058 de
640 2025 740 2057 facto
768 2024 929 2057 intrauit
956 2024 1099 2057 ibidem
1130 2024 1312 2056 morando
1338 2024 1376 2057 et
1399 2022 1548 2065 publice
1578 2021 1704 2064 predi-

59 2079 191 2121 cando,
209 2080 334 2114 necin
358 2080 723 2113 Metensi-conuentu
748 2079 895 2122 agendo
920 2079 1170 2122 penitentiam
1193 2078 1362 2112 residere
1385 2078 1541 2117 curavit,
1571 2078 1704 2111 contra

58 2135 246 2178 prefatam
275 2135 502 2169 sententiam
533 2136 677 2169 temere
707 2134 858 2168 veniens
875 2136 913 2168 et
936 2135 1150 2178 infringens
1173 2135 1355 2175 eandem3
1381 2142 1493 2175 quam
1525 2133 1639 2167 etiam
1664 2133 1706 2166 in

60 2187 215 2221 ciuitate
233 2187 467 2228 Florentina,
482 2188 657 2221 excitatis
674 2189 837 2229 quatuor
854 2187 1050 2220 ordinibus
1075 2188 1385 2226 mendicantium,
1405 2186 1550 2219 studuit
1573 2187 1705 2219 facere

60 2243 247 2284 reuocari,
280 2251 507 2285 causamque
531 2243 715 2276 committi
740 2243 961 2286 procurauit
977 2243 1116 2276 dilecto
1136 2242 1214 2275 filio
1234 2244 1377 2282 nostro,
1409 2241 1576 2275 Antonio
1599 2240 1704 2274 tituli

60 2299 188 2332 sancte
201 2298 371 2332 Susanne
385 2299 595 2341 presbitero
613 2298 809 2340 cardinali,
835 2299 899 2340 qui
910 2299 1025 2332 etiam
1035 2291 1176 2331 dictam
1190 2298 1417 2331 sententiam
1435 2306 1502 2330 sua
1515 2297 1707 2331 sententia

61 2351 325 2392 confirmauit;
358 2360 431 2393 que
456 2351 494 2384 in
519 2360 599 2384 rem
628 2351 833 2384 iudicatam
855 2351 994 2384 dicitur
1026 2351 1265 2385 transiuisse.

104 2406 181 2439 Nos
194 2406 323 2448 itaque
335 2407 543 2449 cupientes,
562 2408 604 2439 ut
621 2407 767 2440 iustitia
783 2406 908 2439 locum
925 2406 1076 2447 habeat,
1091 2408 1130 2440 et
1146 2406 1246 2448 quod
1270 2405 1383 2439 huius
1401 2405 1529 2439 debita
1553 2405 1703 2447 punitio

60 2461 198 2496 ceteris
222 2463 390 2495 transeat
407 2462 444 2495 in
463 2461 691 2504 exemplum,
708 2463 941 2496 fraternitati
960 2464 1023 2496 tue
1047 2462 1285 2505 presencium
1310 2462 1410 2495 serie
1435 2461 1707 2494 committimus

61 2518 100 2550 et
115 2517 346 2557 mandamus,
357 2519 542 2560 quatenus
555 2518 767 2560 predictum
785 2517 997 2558 Nicolaum,
1013 2526 1249 2560 quacumque
1267 2517 1312 2550 de
1327 2525 1441 2550 causa
1453 2517 1628 2550 detentus
1642 2516 1708 2555 sit,

62 2571 268 2615 diligenter
298 2573 337 2606 in
365 2573 580 2606 carceribus
604 2573 679 2606 tuis
707 2573 823 2606 facias
853 2574 1026 2614 retineri,
1052 2583 1120 2615 pro
1155 2572 1424 2615 suprascriptis
1451 2574 1489 2605 et
1513 2571 1607 2605 alias
1628 2572 1706 2604 suis

62 2627 256 2661 demeritis
287 2628 414 2662 debite
442 2628 688 2671 puniendum.
719 2628 816 2662 Nam
847 2638 915 2671 pro
944 2629 1072 2662 debita
1099 2628 1324 2662 executione
1352 2628 1501 2661 iustitie
1531 2627 1605 2660 cito
1636 2627 1707 2659 tibi

62 2683 261 2716 mittentur
288 2683 505 2726 supradicte
534 2684 720 2717 sententie
749 2693 834 2717 cum
869 2684 1090 2718 executoria
1119 2682 1340 2726 originales,
1378 2684 1416 2715 vt
1452 2683 1584 2715 contra
1623 2690 1706 2724 pre-

63 2738 205 2771 dictum
223 2738 423 2772 Nicolaum
446 2739 601 2782 procedi
625 2739 755 2781 possit,
774 2741 887 2781 prout
907 2740 998 2772 ordo
1016 2739 1110 2772 iuris
1126 2738 1293 2782 postulat
1316 2740 1353 2772 et
1375 2738 1550 2780 requirit.

108 2793 259 2835 Datum,
275 2794 346 2828 etc.

415 2863 571 2898 Geheim
599 2863 746 2898 archier
768 2874 839 2898 van
867 2863 932 2898 het
954 2863 1156 2906 Vatikaan,
1191 2864 1297 2898 Arm.
1327 2862 1511 2903 XXXIX,
1553 2860 1636 2896 deel
1661 2860 1707 2901 V,

457 2919 523 3007 fg.
543 2918 718 3008 1221-1223
746 2919 952 2964 argedrukt
975 2920 1024 2961 bij
1053 2919 1229 2960 Cauchie,
1253 2917 1380 2954 Nicole
1402 2918 1608 2959 Sermcrier,
1633 2916 1706 2951 blz.

505 2974 566 3007 7-:3
590 2974 621 3007 9.
