2050 3470
831 256 970 292 ANNO
998 255 1082 288 1418
1718 256 1783 289 217

128 369 372 413 quamplures
388 378 572 412 personas
590 377 703 403 sexus
720 369 920 411 utriusque
938 379 1036 403 noue
1061 369 1261 413 religionis
1286 370 1458 404 habitum
1482 373 1719 406 assumentes
1744 374 1782 406 et

127 424 394 459 conuenticula
410 425 607 465 facientes,
628 424 775 458 nullum
792 424 964 458 habitum
983 425 1233 467 approbatum
1252 427 1476 467 profitentes
1495 428 1780 470 statuentesque

127 481 198 514 sibi
223 482 316 523 ipsis
341 481 558 523 superiores
576 490 644 523 pro
663 480 774 513 libitu
793 480 998 513 voluntatis
1020 483 1058 514 et
1075 481 1143 514 sub
1170 481 1348 515 simulata
1372 483 1572 518 devotione
1598 485 1781 527 populum

126 536 362 570 attrahentes
395 537 432 569 et
467 536 588 569 multa
620 538 752 569 contra
788 537 988 569 veritatem
1025 546 1131 570 sacre
1164 537 1352 579 scripture
1382 547 1424 571 ac
1457 549 1584 573 sacros
1617 551 1780 574 canones

126 594 400 635 attemptantes
419 594 456 626 et
474 594 519 625 de
538 593 767 635 elemosynis
787 592 928 626 Christi
954 593 1124 627 fidelium
1142 594 1272 626 domos
1297 597 1533 638 somptuosas
1558 598 1604 630 ad
1628 599 1781 631 modum

124 650 444 682 monasteriorum
468 649 706 692 regularium
731 649 950 682 edificantes
980 650 1018 683 et
1043 659 1082 683 se
1106 650 1272 684 inuicem
1296 651 1334 683 in
1360 652 1415 684 eis
1432 652 1670 686 includentes
1696 664 1781 687 cum

125 706 393 738 obseruatione
417 705 668 746 quorumdam
694 706 837 737 rituum
854 705 1011 738 minime
1030 715 1098 748 per
1115 706 1316 739 ecclesiam
1334 709 1644 751 approbatorum,
1667 711 1782 752 coepit

124 769 240 803 super
251 760 323 793 hoc
341 761 440 802 apud
460 761 579 793 semet
597 761 721 803 ipsum
741 761 920 793 ardenter
937 761 1107 804 cogitare
1125 763 1162 794 et
1177 771 1223 795 an
1242 762 1314 795 hoc
1329 764 1517 796 stantibus
1533 765 1679 807 regulis
1693 766 1781 799 fidei

124 817 162 850 et
176 816 293 850 sacris
311 815 516 849 canonibus
531 815 693 849 ecclesia
707 816 949 850 dissimulare
962 817 1129 857 deberet,
1142 817 1423 860 reuoluensque
1439 819 1661 863 diligentius
1675 831 1783 855 sacre

124 872 313 914 scripture
330 873 624 913 sanctorumque
642 872 839 904 doctorum
868 871 986 905 libros
1012 874 1049 905 et
1073 882 1200 905 sacros
1224 883 1399 914 canones,
1427 876 1608 917 quasdam
1633 876 1782 910 conclu-

124 927 249 960 siones
266 928 516 969 reprobantes
530 927 687 960 illorum
704 928 857 960 modum
870 929 1025 960 viuendi
1043 930 1209 962 extraxit
1225 931 1262 962 et
1280 931 1468 972 scripture
1486 932 1780 965 commendauit.
1816 950 1820 955 ‹

169 983 337 1022 Quarum
354 992 429 1016 una
447 982 671 1024 principalis
691 984 760 1023 est,
776 992 822 1016 ex
837 992 912 1024 qua
930 983 1004 1016 alie
1022 984 1271 1025 deducuntur,
1288 987 1456 1028 exceptis
1473 987 1601 1029 paucis
1621 998 1628 1020 :
1644 988 1782 1021 Nullus

123 1040 248 1081 potest
279 1039 390 1072 licete
427 1041 464 1071 et
499 1039 710 1078 meritorie,
743 1039 858 1071 immo
893 1048 961 1072 nec
992 1041 1179 1074 veraciter
1207 1042 1438 1084 obedientie,
1472 1045 1708 1085 paupertatis
1744 1046 1783 1077 et

123 1094 310 1127 castitatis
345 1092 579 1126 universalia
611 1093 773 1126 consilia
806 1093 1038 1126 coniunctim
1071 1099 1180 1128 extra
1211 1105 1318 1129 veras
1350 1097 1560 1140 religiones
1595 1099 1781 1132 manendo

124 1149 347 1192 adimplere.
375 1149 432 1182 Ex
459 1159 533 1191 qua
557 1150 731 1191 sequitur
754 1149 974 1182 immediate
1000 1150 1172 1183 formalis
1197 1154 1481 1194 consequentia,
1507 1153 1691 1186 articulus
1716 1163 1782 1187 seu

124 1205 317 1239 conclusio
335 1214 434 1238 nona
452 1205 491 1237 in
510 1205 657 1244 ordine,
678 1205 776 1246 quod
797 1204 924 1238 nullus
941 1207 1066 1247 potest
1081 1207 1295 1248 predictum
1320 1210 1555 1251 paupertatis
1580 1210 1782 1243 consilium

123 1261 319 1294 meritorie
336 1261 452 1293 immo
472 1270 541 1294 nec
558 1260 748 1293 veraciter
765 1261 983 1301 obseruare,
1004 1262 1077 1294 nisi
1094 1263 1212 1295 fuerit
1228 1264 1267 1295 in
1285 1264 1383 1296 statu
1403 1265 1613 1306 spiritualis
1637 1267 1782 1308 perfec-

123 1317 239 1350 tionis
257 1317 338 1349 siue
355 1325 444 1349 vere
461 1316 674 1359 religionis,
694 1316 744 1349 Et
760 1317 844 1349 dico
862 1318 1040 1350 notanter
1058 1318 1104 1350 de
1121 1318 1203 1350 istis
1220 1319 1342 1352 tribus
1360 1320 1529 1353 consiliis
1554 1321 1783 1363 simpliciter

124 1382 190 1406 seu
215 1372 487 1406 uniuersaliter
515 1372 686 1414 sumptis.
715 1371 930 1405 Secundum
960 1373 1059 1414 quod
1088 1382 1177 1406 vero
1219 1375 1257 1407 et
1284 1375 1323 1407 in
1353 1375 1480 1417 aliquo
1510 1386 1598 1409 casu
1624 1379 1782 1419 possunt

123 1427 370 1462 laudabiliter
398 1429 436 1461 et
463 1428 662 1461 meritorie
692 1428 800 1461 extra
829 1428 1039 1471 religiones
1069 1430 1290 1472 obseruari3
1325 1432 1473 1473 quando
1511 1433 1613 1466 enim
1645 1433 1784 1476 aliquis

124 1484 307 1518 secularis
324 1484 388 1517 dat
405 1483 643 1526 elemosynas
668 1484 707 1516 in
733 1494 822 1517 casu
849 1483 990 1526 aliquo,
1017 1486 1167 1527 quando
1193 1495 1277 1519 eam
1303 1487 1349 1520 de
1367 1488 1593 1522 necessitate
1610 1491 1783 1532 precepti

124 1550 200 1574 non
216 1540 381 1580 tenetur,
399 1539 534 1582 implet
551 1539 646 1572 illud
663 1539 866 1572 consilium
884 1541 1122 1582 paupertatis
1138 1541 1177 1573 in
1195 1541 1262 1574 illo
1280 1552 1368 1575 casu
1386 1544 1531 1577 tantum
1546 1555 1555 1586 ς
1575 1546 1612 1578 et
1629 1547 1779 1587 quando

124 1596 294 1630 continet
307 1604 346 1629 se
359 1596 405 1628 ab
420 1595 550 1628 uxoris
568 1595 807 1637 amplexibus
822 1596 994 1638 tempore
1011 1595 1092 1638 illo,
1109 1598 1258 1638 quando
1272 1597 1368 1631 illud
1381 1600 1508 1633 facere
1526 1610 1601 1633 non
1616 1602 1782 1642 tenetur,

124 1651 258 1694 implet
283 1650 484 1684 consilium
509 1651 743 1684 continentie
768 1651 806 1684 in
832 1650 898 1684 illo
925 1661 1013 1684 casu
1040 1654 1077 1685 et
1102 1653 1310 1686 secundum
1336 1655 1425 1695 quid
1443 1656 1613 1698 tantum3
1633 1658 1782 1698 quando

128 1707 248 1741 etiam
277 1707 407 1739 obedit
423 1705 537 1739 alicui
556 1715 623 1739 suo
641 1706 805 1748 prelato,
832 1708 963 1740 curato
987 1707 1047 1740 vel
1072 1708 1262 1750 episcopo,
1290 1709 1328 1741 in
1354 1719 1442 1744 casu
1466 1712 1615 1753 quando
1640 1712 1712 1745 hoc
1737 1714 1783 1746 de

125 1762 352 1796 necessitate
377 1762 550 1804 precepti
575 1771 651 1794 non
674 1763 839 1802 tenetur,
867 1763 1046 1796 obseruat
1071 1763 1166 1796 illud
1185 1765 1402 1799 obedientie
1427 1768 1629 1801 consilium
1654 1770 1692 1802 in
1715 1770 1782 1803 illo

123 1828 212 1852 casu
227 1829 237 1860 3
255 1819 293 1851 et
309 1818 383 1850 ista
399 1818 557 1859 possunt
574 1819 683 1851 extra
700 1817 910 1860 religiones
927 1819 1099 1852 viuentes
1117 1821 1203 1852 voto
1221 1819 1280 1853 vel
1298 1821 1379 1854 sine
1396 1824 1483 1855 voto
1510 1824 1588 1857 Deo
1615 1826 1754 1860 offerre
1771 1838 1780 1869 3

122 1874 222 1907 unde
243 1874 336 1906 dicit
353 1874 506 1906 sanctus
525 1873 691 1907 Thomas
709 1874 747 1915 ij.
768 1874 821 1915 ij„
842 1875 941 1916 quod
959 1875 998 1907 in
1016 1874 1144 1908 seculo
1166 1876 1338 1909 viuentes
1356 1877 1500 1919 aliquid
1525 1880 1604 1913 Deo
1629 1881 1720 1915 dant
1744 1884 1782 1916 et

121 1931 264 1972 aliquid
279 1930 352 1963 sibi
366 1933 578 1971 reseruant,
596 1931 633 1964 et
647 1931 855 1964 secundum
873 1931 945 1964 hoc
963 1931 1123 1974 prelatis
1143 1932 1304 1965 ecclesie
1321 1934 1545 1968 subduntur.
1564 1936 1781 1979 Regulares

119 1987 248 2020 autem
264 1987 415 2028 oportet
432 1988 554 2019 totum
574 1987 653 2019 Deo
672 1987 772 2028 quod
791 1987 933 2020 habent
952 1990 1132 2029 tanquam
1150 1988 1414 2022 holocaustum
1432 1990 1584 2033 offerre,
1599 1993 1637 2025 et
1654 1993 1726 2026 hoc
1740 1995 1783 2027 fit

120 2043 157 2075 et
171 2042 255 2075 fieri
268 2043 393 2083 potest
406 2043 553 2075 tantum
568 2052 636 2085 per
649 2043 724 2075 tria
737 2043 897 2076 consilia
910 2043 1146 2076 uniuersalia
1160 2044 1344 2086 predicta.
1359 2045 1406 2077 Et
1419 2045 1504 2078 ideo
1520 2047 1612 2080 dicit
1625 2049 1782 2091 ibidem,

121 2098 221 2139 quod
236 2097 282 2130 ad
297 2097 489 2131 seculares
507 2099 674 2140 pertinet
687 2100 835 2132 tantum
849 2098 1099 2141 particularia
1112 2101 1199 2132 vota
1214 2100 1364 2139 offerre,
1381 2101 1426 2133 ad
1443 2102 1640 2144 regulares
1654 2106 1781 2138 autem

119 2152 355 2186 uniuersalia
372 2155 482 2194 vota3
502 2154 601 2187 unde
620 2154 872 2196 particularia
889 2156 976 2188 vota
993 2155 1174 2188 dicuntur
1197 2156 1385 2188 sacrificia
1401 2166 1507 2190 more
1530 2160 1715 2202 veterum,
1734 2161 1780 2194 de

122 2209 230 2242 cuius
253 2204 404 2242 ratione
431 2210 504 2241 fuit
529 2210 574 2243 de
599 2210 796 2243 offertorio
815 2210 894 2243 Deo
921 2210 1048 2243 oblato
1066 2212 1213 2253 partem
1239 2211 1330 2244 dare
1354 2213 1392 2244 et
1416 2214 1563 2254 partem
1587 2215 1781 2258 retinere;

123 2263 359 2298 uniuersalia
376 2273 469 2297 vero
485 2267 573 2299 vota
589 2265 855 2299 holocaustum
872 2267 1062 2307 dicuntur,
1082 2267 1128 2300 de
1151 2268 1258 2300 cuius
1284 2268 1433 2301 ratione
1457 2270 1530 2301 fuit
1554 2270 1674 2303 totum
1701 2272 1780 2305 Deo

123 2321 262 2354 offerre
279 2322 317 2354 et
335 2320 431 2354 nihil
451 2322 634 2361 retinere,
655 2322 756 2363 quod
772 2323 940 2364 pertinet
957 2323 1003 2355 ad
1021 2322 1122 2355 solos
1139 2323 1341 2366 religiosos
1358 2333 1397 2357 se
1423 2325 1460 2357 et
1477 2334 1545 2358 sua
1562 2326 1600 2358 in
1626 2327 1781 2361 modum

121 2377 318 2410 cuiusdam
335 2376 552 2410 holocausti
569 2378 646 2410 Deo
663 2378 894 2411 dedicantes.

164 2432 222 2465 Ex
258 2432 395 2473 quibus
431 2433 604 2474 sequitur
641 2433 854 2476 undecima,
885 2435 985 2476 quod
1013 2435 1191 2468 abdicare
1217 2444 1445 2476 quemquam
1476 2438 1602 2470 omnia
1626 2439 1784 2480 propter

124 2487 317 2521 Christum
345 2489 454 2522 extra
481 2489 672 2530 predictas
700 2489 911 2532 religiones
940 2491 1129 2523 manendo
1155 2500 1221 2524 seu
1251 2492 1324 2524 nisi
1348 2501 1477 2525 veram
1503 2492 1670 2535 aliquam
1694 2495 1782 2528 rcli-

124 2544 278 2586 gionem
294 2544 548 2587 ingrediatur,
567 2546 625 2578 est
642 2545 714 2578 sibi
731 2547 769 2578 et
786 2546 877 2586 suis,
897 2556 1059 2587 quorum
1077 2556 1169 2580 cura
1185 2547 1257 2579 sibi
1275 2548 1474 2589 incumbit,
1493 2550 1609 2582 vitam
1627 2551 1783 2584 subtra—

123 2599 231 2640 here,
250 2600 350 2640 quod
368 2602 425 2633 est
442 2600 691 2634 homicidium
706 2603 761 2634 tot
780 2601 977 2635 hominum
992 2603 1231 2636 committere
1246 2605 1336 2644 quot
1351 2604 1432 2636 eius
1447 2614 1536 2638 cure
1554 2606 1781 2640 subduntur.

125 2655 206 2688 Hec
230 2656 287 2688 est
311 2656 357 2689 de
381 2658 509 2689 mente
534 2657 654 2689 sancti
683 2657 828 2690 Thome
852 2659 891 2700 ij.
915 2659 954 2700 ij.
979 2668 1014 2700 q.
1040 2659 1172 2700 xxxiij.
1200 2660 1440 2702 argumento,
1466 2662 1536 2693 etc.
1563 2661 1620 2694 Ex
1646 2663 1782 2704 quibus

124 2711 311 2752 Sequitur,
330 2712 429 2752 quod
455 2711 582 2745 nullus
608 2714 732 2754 potest
758 2714 1036 2747 abdicationem
1064 2715 1233 2747 omnium
1258 2716 1416 2757 propter
1439 2716 1631 2750 Christum
1655 2719 1783 2753 facere

124 2768 233 2799 extra
249 2775 378 2799 veram
396 2767 627 2810 religionem
644 2770 832 2802 manendo
851 2770 933 2802 sine
957 2771 1113 2811 peccato
1139 2770 1307 2813 mortali,
1332 2772 1421 2812 quia
1445 2772 1686 2807 subtraheret
1711 2775 1783 2808 sibi

124 2822 252 2855 vitam.
281 2822 338 2855 Ex
364 2823 501 2864 quibus
519 2824 692 2865 sequitur
717 2825 817 2866 quod
843 2815 973 2858 omnes
999 2828 1170 2867 peccant,
1197 2827 1262 2868 qui
1279 2827 1378 2860 bona
1403 2837 1471 2861 sua
1495 2828 1721 2871 simpliciter
1746 2830 1784 2863 in

127 2877 373 2910 elemosinam
405 2877 624 2921 largiuntur
663 2880 771 2912 extra
806 2880 1036 2923 religionem
1067 2890 1196 2914 veram
1232 2882 1432 2922 manendo,
1475 2893 1548 2924 que
1580 2886 1637 2917 est
1671 2886 1785 2919 tertia

127 2932 320 2966 conclusio
345 2934 384 2966 in
412 2935 558 2967 ordine.
589 2935 638 2968 Et
668 2935 783 2968 etiam
809 2937 908 2978 quod
933 2938 1104 2978 peccant,
1130 2938 1194 2978 qui
1220 2947 1287 2970 sua
1311 2939 1467 2980 propria
1490 2940 1688 2982 resignant
1710 2951 1784 2975 non

129 2989 315 3023 intrantes
342 2989 572 3035 religionem
599 2990 765 3035 aliquam
791 2993 1052 3036 approbatam,
1079 3001 1152 3037 que
1178 2994 1236 3027 est
1260 2994 1405 3029 decima
1429 2996 1565 3030 octaua
1588 2996 1628 3031 in
1652 2997 1785 3033 ordine
