2050 3470
812 246 950 280 ANNO
979 245 1059 278 1307
1714 246 1756 277 59

118 358 190 391 l’en
221 358 500 399 especiaument
529 366 594 390 aus
626 358 790 399 prestros
821 358 867 390 de
900 357 983 390 leur
1006 358 1129 390 ordre.
1161 356 1208 390 Et
1233 357 1386 389 doivent
1416 357 1440 388 li
1471 356 1749 389 commissaires

118 414 270 446 envoier
287 422 332 446 au
347 413 403 445 roi
421 422 482 445 sus
500 413 554 446 les
568 422 681 446 seaux
699 414 763 446 des
787 413 1062 445 commissaires
1079 413 1124 445 de
1144 412 1410 453 l'inquisiteur,
1431 411 1466 444 lc
1482 411 1564 453 plus
1583 413 1655 444 tost
1674 420 1745 452 que

118 468 143 501 il
159 470 326 510 permut,
345 468 381 501 la
397 469 503 510 copie
516 469 561 500 de
581 469 616 500 la
632 469 842 510 deposition
857 469 902 500 de
921 477 1013 500 veux
1029 468 1090 508 qui
1106 468 1362 500 confesserem
1386 467 1439 499 les
1457 467 1569 499 ‹littes
1586 475 1750 503 erreurs,

118 524 395 565 especiaument
411 523 446 556 le
460 524 670 556 renicment
687 524 731 555 de
748 524 882 556 Nostre
901 522 1327 565 Soigneurdehsu-Crit.

155 579 249 612 Aeta
272 579 424 611 fuerunt
447 579 664 620 praemissa,
692 580 852 614 ostensa,
880 578 1048 611 exhibita
1074 580 1110 610 et.
1129 577 1261 619 petita,
1295 586 1404 615 anno,
1433 576 1651 615 indictione,
1679 577 1752 616 die,

117 642 256 671 mense,
286 633 390 671 hora,
416 634 634 674 pontificatu
665 635 701 666 et
720 633 800 665 loco
830 634 1002 674 superius
1028 633 1230 670 annotatis,
1258 632 1519 673 praesentibus
1538 631 1653 663 nobili
1674 633 1754 664 viro

116 689 267 721 domino
296 689 460 720 Gerardo
493 689 537 721 de
571 689 793 726 Pinchonio,
829 689 959 727 milite,
991 688 1196 721 venerabili
1233 689 1312 720 viro
1347 689 1530 730 magistro
1563 689 1676 722 Petro
1707 691 1753 721 do

116 743 356 785 Renenghes,
391 745 570 776 canonico
605 745 722 776 sam-ii
761 745 912 777 Martini
951 744 1140 785 Yprmnsis,
1175 745 1212 776 et
1242 743 1430 782 Johnnne,
1477 743 1615 776 clerieo
1653 746 1743 778 dicti

115 798 256 830 domini
274 798 510 837 vicedomini,
526 800 570 831 ad
589 800 794 840 praemissa
807 800 946 832 vocatis
962 799 1120 831 testibus
1136 800 1173 831 et
1190 799 1347 840 rogatis.

159 853 207 885 Et
222 862 305 895 ego,
325 852 547 886 Guillelmus
565 855 685 886 dietus
699 855 743 885 (16
769 854 939 892 Belvavo,
958 854 1120 886 civitatis
1140 854 1366 886 Morinensis
1387 853 1559 894 publicus
1575 853 1751 886 authori-

115 909 191 941 tate
204 910 462 941 sacrosanctae
476 909 669 942 Romanae
683 908 864 942 eeclesiae
879 909 1058 947 notarius,
1073 908 1264 949 praedivta
1278 909 1406 941 omnia
1419 908 1465 941 de
1481 909 1593 940 verbo
1609 909 1652 941 ad
1674 918 1754 941 ver-

116 964 216 1002 bum,
235 963 281 996 ad
298 964 581 1004 requisitionem
595 966 631 997 et
650 966 822 1006 rogatum
837 964 925 996 dieti
940 964 1080 995 domini
1100 963 1340 1003 vicedomini,
1372 964 1518 1004 copiam
1535 963 1698 996 fideliter
1712 965 1750 996 et

115 1019 334 1060 transcripsi
351 1019 438 1051 etin
458 1019 552 1052 hanc
573 1018 761 1061 publicam
778 1020 937 1051 formam
952 1019 1079 1061 redegi
1096 1020 1132 1051 et
1146 1019 1337 1059 praesenti
1353 1019 1578 1060 transcripto
1597 1019 1748 1061 signum

116 1082 240 1107 meum
256 1074 412 1116 apposui
425 1076 659 1107 consuetum.

159 1127 204 1161 Et
219 1129 303 1161 etoit
314 1129 418 1171 εἱφιέ
431 1127 521 1161 (ἰίιη
537 1139 832 1171 monosyrczmme.

468 1206 523 1239 Du
540 1207 634 1248 Puy,
650 1205 809 1239 Histoire
826 1206 870 1239 dc
888 1206 924 1239 Ia
954 1206 1245 1239 condamnation
1269 1204 1332 1237 (Ios
1357 1204 1568 1248 Templiers,
1589 1205 1671 1239 decl
1702 1205 1752 1246 ΙΙ,

512 1261 579 1293 blz.
595 1262 757 1294 309-321.
774 1280 813 1284 —
833 1262 887 1294 De
905 1262 1088 1302 sehrijver
1104 1263 1207 1303 geei't
1224 1261 1278 1293 dit
1295 1261 1381 1293 stuk
1396 1261 1471 1293 met
1484 1261 1554 1293 den
1573 1261 1672 1293 brief
1684 1270 1754 1294 vau

510 1317 580 1350 den
595 1317 809 1350 Franschen
835 1317 979 1359 koning
1004 1327 1073 1349 aun
1098 1317 1170 1349 den
1195 1315 1444 1349 Vlaamschen
1471 1317 1580 1358 graaf
1601 1315 1669 1357 (zie
1687 1326 1753 1349 ons

513 1372 598 1404 stuk
626 1378 664 1404 n1'
687 1371 890 1413 32(161bis)
921 1382 968 1414 op
1001 1372 1064 1405 het
1092 1371 1202 1404 einde
1234 1380 1304 1403 van
1337 1371 1408 1411 zijn
1446 1370 1550 1403 werk
1575 1372 1653 1404 met
1687 1371 1753 1404 het

513 1427 697 1469 volgende
710 1427 856 1459 bericht
873 1429 931 1460 ter
944 1427 1129 1470 inleiding
1145 1436 1152 1459 :
1170 1441 1185 1453 ιι
1205 1425 1346 1467 Depuis
1366 1425 1616 1466 l'impression
1631 1426 1676 1459 de
1692 1429 1752 1460 cet

511 1490 675 1524 ouvrage
699 1491 771 1514 une
796 1491 981 1523 personne
1005 1482 1178 1515 curieuse
1207 1490 1229 1514 a
1256 1480 1520 1520 communique
1548 1480 1602 1513 les
1627 1482 1751 1523 pieces

509 1537 709 1578 suivantes‚
740 1537 803 1578 qui
830 1537 931 1569 n'ont
969 1547 1017 1578 pu
1058 1539 1138 1570 ecre
1176 1536 1343 1568 inserees
1386 1535 1477 1567 dans
1520 1535 1553 1568 le
1587 1538 1752 1577 premier

514 1591 674 1624 volume.
696 1606 711 1619 ’ν

793 1707 861 1750 34
901 1703 1068 1765 (161⁴).

172 1836 330 1894 (1307),
366 1834 628 1882 November
658 1835 728 1885 29,
768 1835 972 1878 Brussel.
1010 1835 1132 1878 ssrief
1162 1850 1243 1878 van
1277 1837 1361 1879 Jan
1397 1837 1453 1886 ΙΙ,
1486 1837 1643 1893 hertog
1669 1851 1750 1880 van

115 1905 320 1957 Brabant,
346 1918 428 1948 aan
453 1905 535 1947 den
558 1905 811 1948 Franschen
836 1904 1000 1961 koning
1030 1905 1197 1960 Philips
1233 1906 1296 1948 IV
1328 1905 1410 1947 den
1447 1905 1658 1956 Salmone,
1685 1919 1752 1948 om

114 1971 212 2018 hem
230 1978 274 2018 te
295 1974 597 2026 antwoorden,
616 1975 690 2018 dat
708 1974 765 2030 hij
787 1974 838 2016 de
861 1973 1207 2029 Tempelridders
1226 1974 1364 2031 zijner
1381 1979 1613 2030 gewesten
1633 1973 1755 2017 heeft

114 2043 222 2087 doen
256 2043 513 2086 aanhouden
542 2057 595 2086 en
634 2044 783 2087 hunne
808 2042 1075 2099 bezittingen
1108 2043 1227 2086 laten
1259 2043 1488 2095 aanslaan,
1527 2043 1674 2086 zooals
1699 2043 1752 2085 de

116 2112 279 2168 koning
302 2112 400 2154 hem
425 2112 510 2155 had
532 2112 728 2154 bevolen.

157 2206 191 2239 A
206 2205 403 2245 tres-haut,
418 2205 618 2239 tres-noble
635 2207 673 2238 et
689 2206 949 2247 tres-puissant
968 2205 1110 2247 prinee,
1129 2214 1196 2238 son
1215 2206 1292 2238 tres
1317 2205 1409 2238 cher
1433 2205 1627 2248 seigneur,
1647 2215 1751 2238 mon—

114 2261 293 2303 seigneur
320 2260 509 2302 Philippe‚
534 2270 602 2302 par
633 2260 670 2293 la
700 2263 813 2303 grace
845 2261 890 2293 de
917 2261 1025 2300 Dieu,
1044 2261 1101 2293 roi
1131 2261 1176 2294 de
1210 2261 1366 2300 Franco,
1398 2260 1536 2299 Jehan,
1568 2269 1638 2303 par
1655 2260 1752 2294 celle

114 2325 278 2350 meesme
291 2317 403 2359 grace
421 2316 491 2348 duc
508 2316 554 2349 de
581 2316 746 2355 Lothier,
772 2316 818 2349 de
846 2316 1012 2349 Brabant
1036 2318 1073 2349 et
1100 2317 1146 2348 de
1164 2316 1400 2355 Limbourch,
1420 2318 1500 2348 tant
1518 2316 1564 2348 de
1582 2315 1742 2355 lioneur,

115 2371 317 2404 reverence
334 2371 371 2404 et
387 2371 543 2412 service,
557 2379 701 2403 comme
719 2371 875 2403 mander
891 2369 918 2402 li
937 2372 1038 2412 peut,
1058 2379 1240 2411 avesques
1259 2370 1374 2403 salut.

160 2426 254 2459 Tres
277 2425 368 2459 cher
389 2426 496 2465 sires,
527 2435 592 2458 nos
621 2427 759 2458 saisons
788 2427 912 2458 savoir
943 2426 965 2458 ὲ.
990 2427 1095 2458 votre
1122 2425 1281 2459 hautece
1310 2435 1383 2466 que
1409 2435 1503 2458 nous
1528 2434 1642 2458 avons
1662 2427 1747 2459 bien

115 2481 279 2515 entendu
310 2490 352 2514 ce
376 2490 448 2522 que
480 2481 613 2514 mande
640 2490 732 2514 nous
760 2490 845 2514 avez
870 2481 1019 2513 endroit
1046 2481 1091 2513 de
1121 2480 1156 2513 la
1182 2481 1347 2523 besegne
1374 2482 1438 2513 (les
1465 2480 1692 2522 Templiers,
1713 2482 1743 2513 si

116 2537 389 2579 respondemus
406 2538 427 2570 ii,
444 2539 548 2569 voti-e
572 2537 773 2579 segnourie
791 2546 863 2578 que
882 2546 974 2569 nous
991 2546 1105 2570 avons
1123 2537 1200 2578 pris
1218 2536 1272 2569 les
1288 2536 1501 2578 Templiers
1518 2537 1745 2570 demourans

117 2601 163 2625 en
193 2594 299 2625 notre
317 2594 417 2626 terre
435 2595 472 2625 et
489 2592 542 2624 les
560 2597 692 2625 tenens
709 2602 754 2624 en
773 2593 880 2625 notre
897 2592 1024 2634 prison
1049 2594 1086 2626 et
1111 2591 1212 2625 leurs
1231 2592 1334 2625 biens
1359 2594 1443 2624 sont
1462 2592 1532 2624 mis
1547 2602 1593 2625 en
1611 2594 1748 2631 arrest,

118 2649 199 2680 tout
216 2647 310 2680 ainsi
328 2656 471 2679 comme
489 2646 623 2679 mande
649 2646 683 2678 le
709 2656 801 2679 nous
825 2655 924 2679 avez.

163 2701 257 2735 Tres
269 2701 392 2734 chiers
409 2702 515 2740 siros,
534 2711 574 2734 se
588 2701 612 2733 il
630 2709 721 2735 vous
738 2701 834 2743 plest
847 2701 959 2734 chose
985 2711 1057 2743 que
1090 2711 1182 2734 nous
1211 2701 1382 2743 pussions
1408 2702 1516 2740 faire,
1543 2710 1582 2734 se
1602 2701 1636 2734 le
1656 2712 1750 2735 nous

119 2755 261 2790 veullez
279 2756 446 2796 mandor,
471 2760 508 2789 et
522 2757 657 2789 Nostro
675 2756 776 2789 Sires
793 2757 865 2789 soit
882 2757 999 2799 garde
1013 2758 1059 2790 de
1081 2766 1183 2789 vous.

164 2812 287 2845 Escrit
310 2813 332 2845 ὲ,
356 2812 563 2852 Brueres,
589 2812 624 2845 le
648 2813 833 2845 mercredi
858 2815 967 2855 apres
993 2812 1029 2846 la
1053 2814 1147 2846 feste
1172 2812 1532 2846 sainte—Camerino.

468 2890 570 2923 Naar
593 2899 661 2923 een
688 2890 760 2923 HS.
786 2899 855 2923 van
882 2891 1016 2931 Pax-ijs.
1043 2890 1247 2933 afgedrukt
1276 2890 1323 2931 bij
1353 2890 1503 2932 Kervyn
1529 2891 1575 2922 de
1602 2891 1752 2924 Letten-

512 2945 619 2985 hove,
640 2943 828 2988 L'Europe
850 2956 901 2979 αιι
923 2945 1028 2978 siecle
1053 2944 1097 2978 cla:
1123 2943 1292 2988 Philippo
1317 2943 1349 2977 lc
1379 2944 1452 2983 Bel,
1484 2946 1521 2978 in
1555 2946 1600 2979 (16
1627 2946 1750 2980 Bulle-
