2050 3470
236 284 296 316 120
868 276 1004 310 ANNO
1031 274 1221 309 1349-1350

891 422 956 467 '72
995 418 1190 480 (197‘01).

293 556 541 601 1349-1350,
586 551 870 595 Vlaanderen
903 562 958 592 cn
995 549 1235 592 Raudeloo.
1263 545 1503 590 Uittreksel
1529 546 1590 589 uit
1613 546 1689 589 het
1714 546 1859 589 Breve

232 622 477 667 chronicon
499 620 651 664 clerici
679 620 898 674 anonymi
927 615 1036 676 (14‘le
1061 618 1205 670 eeuw)
1249 629 1351 658 over
1374 615 1425 657 de
1447 616 1703 658 Geeselaars
1729 629 1782 657 en
1806 614 1859 657 de

231 691 466 748 pauselijke
491 689 561 732 bul
584 693 714 744 tegen
748 688 850 729 hen.
879 712 934 718 —-
958 687 1030 730 Uit
1063 684 1492 741 Hoog-Duitschland
1525 698 1578 726 en
1613 682 1850 739 Hongarije

229 760 463 815 afkomstig
498 759 700 800 kwamen
723 757 774 800 de
793 756 1064 807 GeeseIaars,
1092 767 1278 797 mannen
1299 767 1351 796 en
1372 765 1602 805 vrouwen,
1626 765 1734 795 naar
1753 765 1860 794 onze

230 833 451 885 gewesten
487 826 702 883 afgezakt‚
744 825 945 868 vreemde
980 823 1221 881 practijken
1257 822 1566 865 vertoonende.
1604 822 1720 864 Paus
1765 820 1862 864 Cle-

233 912 352 941 mens
377 898 436 940 VI
471 895 704 951 vaardigde
746 898 877 950 tegen
914 894 999 936 hen
1033 906 1138 936 eene
1176 891 1247 934 bul
1279 891 1342 934 uit
1373 891 1527 946 (1349,
1564 889 1750 934 October
1784 889 1858 941 24,

231 967 472 1023 Avignon),
509 964 574 1006 die
618 964 675 1020 hij
701 977 784 1006 aan
808 963 889 1004 den
913 962 1112 1017 bisschop
1136 974 1221 1004 van
1245 959 1473 1016 Kamerijk
1505 959 1630 1002 zond.
1667 958 1746 1015 (De
1770 958 1863 1000 vol-

230 1036 369 1091 ledige
387 1034 505 1078 tekst
538 1033 614 1075 der
636 1032 707 1075 bul
741 1036 856 1074 staat
879 1032 921 1074 in
945 1032 997 1074 de
1018 1029 1195 1086 kronijk
1219 1028 1497 1085 ingelascht.)
1525 1028 1597 1071 Die
1626 1030 1746 1070 secte
1769 1041 1864 1070 was

229 1105 273 1148 in
307 1103 581 1147 Vlaanderen
605 1115 680 1144 zoo
705 1115 803 1143 zeer
826 1105 1129 1156 toegenomen‚
1157 1099 1231 1141 dat
1265 1098 1309 1140 in
1333 1097 1415 1140 den
1438 1098 1536 1153 loop
1559 1110 1644 1139 van
1665 1109 1744 1139 een
1766 1095 1866 1139 half

224 1175 324 1231 jaar
361 1173 453 1214 niet
484 1170 652 1213 minder
683 1170 766 1212 dan
811 1169 929 1213 2500
971 1169 1228 1212 Geeselaars
1271 1167 1322 1210 de
1361 1165 1473 1223 abdij
1516 1180 1598 1208 van
1645 1164 1860 1208 Baudeloo

229 1242 465 1285 bezochten
486 1254 497 1293 ;
524 1254 576 1296 op
600 1237 734 1282 θθηθη
767 1239 851 1295 dag
874 1238 989 1282 telde
1013 1251 1108 1280 men
1143 1251 1191 1280 er
1213 1239 1280 1280 tot
1302 1236 1406 1279 700.
1565 1238 1567 1240 ’

842 1340 895 1373 De
922 1337 1243 1381 Flayellatoribus.

274 1423 414 1456 Eodem
430 1423 599 1463 tempore
628 1419 779 1461 quidam
808 1418 853 1450 de
883 1417 1140 1459 superioribus
1171 1416 1340 1458 partibus
1368 1415 1590 1448 Alemannie
1609 1415 1648 1447 et
1665 1413 1862 1455 Hungarie

230 1489 295 1521 pre
314 1480 449 1511 timore
473 1475 713 1509 mortalitatis
731 1476 768 1507 et
784 1473 1014 1506 terribilium
1038 1471 1209 1509 aliorum,
1229 1480 1301 1512 que
1318 1471 1371 1502 ibi
1392 1470 1644 1512 contigerunt,
1663 1468 1863 1510 quamdam

231 1533 431 1576 specialem
456 1532 513 1565 vel
531 1530 762 1574 generalem,
781 1531 821 1561 ut
846 1529 899 1560 ita
923 1528 1057 1566 dicam,
1083 1527 1336 1568 penitenciam
1360 1525 1593 1568 singularem
1610 1525 1648 1557 et
1672 1531 1863 1564 nunquam

231 1590 334 1631 prius
361 1589 479 1620 visam
503 1586 797 1627 assumpserunt.
824 1584 916 1616 Nam
935 1592 1001 1625 pro
1026 1582 1195 1615 XXXIII
1217 1582 1337 1621 annis,
1357 1581 1492 1622 quibus
1517 1580 1698 1612 Dominus
1723 1579 1862 1611 Noster

229 1644 361 1675 Jhesus
386 1642 554 1675 Christus
582 1641 654 1672 fuit
681 1640 719 1671 in
744 1638 959 1680 penitencia
982 1637 1021 1669 in
1051 1637 1177 1676 terris,
1193 1635 1264 1677 ipsi
1294 1644 1361 1676 per
1385 1634 1555 1667 XXXIII
1581 1634 1660 1666 dies
1691 1632 1862 1674 peregri-

231 1699 421 1731 nationem
446 1697 491 1729 ad
517 1697 684 1728 diversas
709 1694 892 1732 civitates,
919 1692 1068 1734 oppida,
1083 1691 1191 1723 villas
1209 1692 1247 1723 et
1264 1691 1434 1723 nationes
1458 1690 1648 1730 fecerunt3
1675 1687 1863 1720 habebant

231 1753 329 1786 enim
355 1753 393 1785 in
411 1751 588 1793 capuciis,
606 1749 731 1791 pilleis
749 1751 785 1781 et
801 1748 900 1790 togis
918 1748 1044 1780 assuta
1060 1747 1169 1788 signa
1185 1746 1302 1778 rubea
1317 1745 1452 1784 crucis,
1471 1746 1508 1777 et
1526 1744 1685 1786 quilibet
1701 1742 1864 1776 habebat

231 1806 424 1849 flagellum
438 1815 522 1838 eum
539 1805 657 1837 tribus
672 1804 796 1841 ocrim,
823 1803 868 1835 ad
891 1802 1043 1834 modum
1067 1800 1188 1834 ferule
1202 1809 1406 1842 puerorum
1430 1800 1468 1832 et
1491 1798 1529 1832 in
1547 1799 1620 1831 fine
1640 1807 1725 1831 oum
1741 1798 1864 1830 tribus

230 1863 350 1901 nodis,
369 1864 406 1894 et
423 1860 581 1901 quilibet
598 1859 716 1892 nodus
733 1858 805 1890 fuit
821 1857 1024 1889 transfixus
1040 1856 1077 1888 in
1095 1855 1247 1888 modum
1263 1854 1385 1887 crucis
1402 1854 1545 1887 duabus
1563 1853 1717 1894 acubus,
1743 1852 1796 1885 ita
1821 1852 1862 1884 ut

229 1927 316 1949 acus
334 1917 379 1949 ad
404 1915 652 1956 quantitatem
673 1913 826 1946 seminis
851 1911 983 1944 hordei
999 1911 1285 1953 protenderent3
1305 1910 1434 1950 sicque
1459 1910 1497 1941 in
1515 1908 1695 1948 ecclesiis,
1723 1907 1860 1949 plateis

229 1974 264 2003 et
280 1970 363 2002 aliis
380 1970 485 2010 loeis,
504 1970 668 2002 vestibus
685 1969 760 2001 suis
779 1968 914 2005 exutis,
934 1966 1013 1999 solo
1027 1966 1144 1998 linteo
1162 1966 1263 1997 circa
1280 1965 1443 1997 verenda
1459 1965 1505 1997 ad
1522 1964 1673 1996 modum
1693 1971 1862 2005 purgan-

230 2026 324 2058 tium
350 2027 520 2065 formam,
547 2026 584 2057 et
608 2024 762 2065 capucio
787 2023 912 2055 vestiti
937 2022 1147 2060 veniebant,
1166 2030 1277 2053 cruce
1301 2020 1527 2061 precedente
1555 2028 1640 2051 cum
1656 2017 1807 2051 vexillis
1824 2018 1862 2050 et

230 2080 413 2121 candelis3
441 2082 489 2119 ct,
516 2088 678 2121 precone
708 2078 907 2116 clamante,
934 2077 1005 2118 ipsi
1042 2076 1329 2117 responderunt,
1364 2077 1401 2108 et
1426 2074 1624 2116 quinquies
1648 2074 1694 2106 ad
1718 2075 1860 2106 terram

231 2136 460 2176 ceciderunt,
479 2145 520 2167 ac
538 2144 576 2167 se
594 2135 694 2175 ipsos
709 2133 782 2165 hiis
801 2131 962 2174 flagellis
980 2132 1209 2171 ceciderunt,
1229 2131 1266 2162 et
1283 2129 1477 2172 sanguinis
1502 2129 1685 2161 effusione
1703 2128 1740 2161 et
1756 2127 1861 2169 peni-

230 2191 354 2223 tencia
372 2190 669 2223 misericordiam
688 2190 755 2222 Dei
774 2188 1088 2229 i1nploraverunt3
1111 2186 1350 2225 fueruntque,
1377 2186 1417 2216 ut
1441 2184 1647 2222 dicebatur,
1672 2183 1773 2215 inter
1798 2191 1862 2215 eos

232 2245 303 2276 filii
321 2245 456 2277 ducum
474 2248 508 2277 et
527 2244 751 2286 principum‚
765 2242 977 2284 presbyteri
992 2242 1028 2273 et
1045 2240 1192 2281 clerici3
1212 2240 1339 2280 sicque
1356 2239 1493 2272 diversi
1511 2237 1675 2279 adJ'uncti
1694 2238 1781 2269 sunt
1794 2237 1861 2276 eiS,

231 2301 266 2331 et
286 2300 330 2332 ad
356 2300 521 2332 diversas
546 2300 671 2341 partes
696 2300 890 2336 venerunt,
921 2305 1013 2337 quos
1038 2296 1151 2328 etiam
1176 2295 1404 2335 sequebatur
1428 2292 1628 2326 multitudo
1658 2291 1860 2325 mulierum

230 2354 391 2386 similem
423 2355 675 2395 penitenciam
709 2354 912 2395 agentium.
948 2352 1054 2385 Unde
1086 2350 1194 2383 multi
1227 2350 1536 2382 murmurabant:
1573 2348 1724 2390 quidam
1762 2347 1862 2380 enim

231 2410 400 2442 dicebant
418 2409 516 2450 quod
531 2410 668 2442 bonum
685 2411 753 2448 est,
772 2408 836 2441 alii
855 2417 940 2446 non,
957 2407 1045 2448 quia
1060 2407 1140 2439 sine
1157 2405 1381 2438 auctoritate
1402 2405 1663 2446 episcoporum
1686 2401 1745 2435 vel
1762 2410 1859 2444 pape,

234 2466 434 2504 faciebant,

276 2520 383 2553 Unde
407 2520 642 2561 postmodum
670 2528 691 2552 a
714 2518 881 2551 Romana
916 2517 1021 2549 curia
1044 2517 1183 2558 scripta
1208 2515 1474 2557 subsequentia
1511 2515 1780 2547 emanaverunt
1810 2513 1856 2546 ad

233 2576 447 2617 episcopum
466 2575 773 2609 Cameracensem
791 2572 847 2615 (l).

274 2631 350 2663 Nec
375 2631 524 2669 mirum,
551 2638 634 2662 curn
659 2629 817 2661 societas
842 2627 1138 2669 Flagellatorum
1162 2627 1200 2659 in
1218 2627 1364 2658 tantum
1380 2625 1598 2658 excreverat
1615 2625 1714 2657 infra
1738 2632 1854 2656 unum

230 2693 380 2725 annum,
406 2686 447 2716 ut
474 2685 574 2716 inira
597 2684 793 2715 dimidium
817 2691 954 2715 annum
993 2682 1031 2714 in
1071 2681 1298 2713 monasterio
1331 2680 1377 2713 de
1404 2678 1542 2713 Bodelo
1569 2679 1663 2711 bene
1703 2678 1864 2711 fueruntae

228 2740 349 2772 XXVc
366 2741 427 2781 qui
445 2740 584 2771 ibidem
602 2740 771 2771 severunt
785 2747 889 2770 suam
907 2737 1158 2778 penitenciam
1183 2738 1219 2769 et
1243 2735 1498 2773 comederunt,
1524 2735 1561 2766 et
1591 2734 1743 2775 quidam
1769 2742 1852 2774 per-

231 2796 491 2835 noctaverunt;
511 2796 663 2827 fuerunt
680 2794 820 2825 ibidem
833 2801 908 2825 una
924 2793 984 2825 die
1002 2792 1101 2825 VIIC.

269 2931 314 2971 (l)
339 2930 432 2963 Hier
448 2930 552 2972 volgt
567 2931 612 2963 de
629 2930 817 2972 volledige
833 2930 934 2963 tekst
949 2930 1017 2962 der
1034 2929 1095 2962 bul
1113 2938 1183 2962 van
1201 2928 1371 2962 Clemens
1388 2927 1451 2968 VI,
1471 2926 1759 2970 gedagteekend
1777 2935 1849 2960 van

226 2985 410 3027 Avignon,
426 2986 486 3017 24¹¹
503 2984 665 3019 October
683 2985 777 3019 1349.
804 2986 867 3018 Zie
885 2994 951 3017 ons
970 2990 1007 3017 nr
1030 2984 1073 3016 88
1098 2982 1250 3026 (2021218).
