2050 3470
311 273 377 306 ‘210
1003 267 1138 301 ANNO
1166 267 1249 300 1418

312 382 550 424 imponimuS‚
579 381 615 412 vt
640 378 804 411 inclusus
832 386 899 419 por
923 377 1015 409 duos
1039 379 1156 409 annos
1181 375 1379 408 continuos
1405 375 1443 407 in
1483 376 1671 408 conuentu
1703 375 1876 416 Metensi‚
1903 376 1942 409 in

311 439 421 469 domo
435 437 492 468 sui
506 435 661 473 ordinis,
677 434 782 466 cuius
795 434 914 465 totum
939 431 1120 464 ambitum
1145 431 1213 463 sibi
1237 440 1305 472 pro
1324 430 1538 463 carceribus
1567 431 1814 473 assignamus,
1840 431 1889 463 sit
1904 432 1943 464 et

310 492 515 528 remaneat,
525 489 727 522 interdicta
739 487 809 520 sibi
824 487 925 519 omni
939 485 1195 518 collocucione
1209 486 1247 518 et
1260 484 1604 518 communicacione
1619 494 1941 526 quorumcumque

310 545 491 577 laicorum
508 544 575 576 sub
604 543 710 584 penis
735 541 926 584 predictis,
945 550 1036 581 quas
1063 541 1144 581 ipso
1162 541 1260 573 facto
1277 540 1460 579 incurrat,
1486 540 1518 572 si
1543 549 1616 572 non
1635 540 1867 581 seruauerit,.
1890 541 1939 573 ad

310 598 564 641 peragendam
592 607 660 638 pro
693 596 901 628 commissis
932 604 1000 636 per
1024 604 1063 628 se
1088 594 1303 636 hujusmodi
1333 594 1582 635 penitentiam
1598 595 1776 627 continuo
1806 595 1943 628 debeat

309 654 609 694 rcmanere,ipsa
625 652 778 684 interim
791 651 963 683 deflendo
982 660 1049 692 per
1067 659 1106 682 se
1125 649 1336 688 commissa,
1351 650 1390 680 vt
1403 650 1615 690 prefertur3
1635 649 1882 682 decernentes
1898 657 1942 682 ac

311 710 424 742 ctiam
453 708 712 746 concedentes,
732 708 769 739 et
797 707 945 748 prefata
968 706 1192 739 auctoritate
1220 704 1454 746 injungimus
1471 705 1645 737 omnibus
1662 704 1940 745 ecclesiasticis,

309 764 465 805 prelatis
489 772 531 796 ac
549 763 663 795 ctiam
680 762 977 802 quibuscumque
995 760 1078 801 alijs
1101 759 1385 801 juridictionem
1403 759 1700 792 ecclesiasticam
1717 759 1942 792 habentibus

308 820 388 851 siue
413 818 688 858 exercentibus,
707 818 745 849 et
762 825 893 849 eorum
911 815 1067 848 cuilibet
1084 815 1122 847 in
1140 813 1314 853 solidum,
1333 814 1372 846 in
1400 823 1561 854 quorum
1584 813 1868 855 juridictionem
1881 811 1942 846 vel

309 874 520 906 districtum
537 872 740 914 contigerit
764 880 849 904 eum
868 870 1068 912 repperirj‚
1086 869 1237 910 plenam
1263 870 1301 901 et
1324 868 1485 901 liberam
1503 867 1734 907 facultatem,
1761 868 1793 901 si
1818 869 1942 910 ipsum

307 930 439 962 contra
454 928 637 969 premissa
653 928 717 960 aut
734 935 865 959 eorum
883 925 1048 966 aliquod,
1064 924 1163 965 quod
1181 924 1281 956 Deus
1311 924 1470 962 auertat,
1489 923 1694 965 contigerit
1721 922 1942 964 attemptari

308 983 365 1015 vel
384 992 457 1015 non
471 981 930 1023 adimplcrc‚auctoritate
962 981 1091 1012 nostra
1118 980 1156 1012 ct
1181 988 1253 1019 qua
1284 978 1480 1020 fungimur
1504 978 1662 1019 puniant
1689 978 1728 1010 et
1751 977 1940 1020 predictas

305 1047 420 1080 penas
434 1044 471 1070 ct
487 1045 740 1078 quascumque
758 1035 852 1068 alias
879 1035 1068 1077 infligant,
1097 1034 1204 1075 juxta
1232 1033 1432 1065 canonicas
1457 1032 1683 1072 sanctiones,
1702 1040 1936 1073 quacumque

307 1092 545 1134 exemptione
562 1091 619 1124 vel
637 1090 841 1132 priuilegio
860 1098 933 1121 non
952 1089 1137 1121 obstante.

350 1163 365 1176 n
385 1148 490 1180 Hanc
518 1148 645 1180 autem
680 1147 847 1178 nostram
885 1144 1112 1176 sententiam
1151 1152 1235 1175 cum
1267 1143 1476 1176 insertione
1515 1141 1763 1175 articulorum
1794 1151 1941 1175 necnon

305 1202 702 1240 anathematizacione,
726 1200 981 1232 detestacione
1000 1200 1038 1230 ct
1054 1199 1304 1231 reuocacione
1322 1199 1570 1239 prefatorum,
1590 1198 1658 1230 sub
1676 1197 1780 1230 bulla
1797 1197 1941 1231 domini

306 1258 423 1290 nostri
437 1266 532 1298 pape
549 1257 725 1297 expedita
738 1256 776 1287 in
794 1255 1010 1288 ciuitatibus
1028 1256 1065 1286 et
1082 1253 1294 1286 diocesibus
1319 1254 1558 1294 supradictis,
1579 1255 1616 1286 et
1634 1253 1750 1286 etiam
1767 1252 1859 1286 alibi
1876 1253 1938 1285 vbi

306 1312 522 1353 expediens,
538 1321 580 1344 ac
597 1311 736 1343 totiens
753 1310 925 1351 quotiens
943 1310 1170 1350 oportunum
1182 1308 1310 1347 fucrit,
1329 1317 1457 1340 coram
1474 1307 1616 1340 eisdem
1631 1307 1733 1340 clero
1749 1307 1788 1340 et
1799 1307 1939 1348 populo

305 1366 475 1399 volumus
492 1368 529 1398 et
546 1366 766 1398 mandamus
784 1365 898 1397 etiam
917 1364 1124 1396 solenniter
1148 1363 1334 1404 publicari
1349 1373 1357 1403 ;
1386 1363 1488 1403 ipsos
1506 1362 1686 1395 articulos
1703 1370 1884 1395 erroneos
1901 1364 1940 1395 et

304 1421 492 1454 hereticos
520 1421 689 1461 aliosque
707 1420 913 1461 peripsum
938 1419 1223 1461 dogmatizatos‚
1242 1418 1402 1450 inferius
1431 1418 1552 1450 eciam
1578 1417 1800 1459 descriptos,
1825 1418 1940 1458 prout

303 1477 374 1509 hoc
392 1476 488 1508 vltro
507 1477 615 1518 petth
632 1476 728 1514 fieri,
746 1476 785 1507 in
811 1475 893 1506 loco
912 1474 1062 1515 publico
1092 1473 1372 1506 Constantiensi
1398 1473 1437 1505 in
1456 1473 1752 1506 detestacionem
1769 1473 1940 1506 criminis

306 1533 388 1565 fore
416 1532 678 1564 conburendos
706 1532 744 1563 et
771 1531 885 1563 etiam
914 1529 1207 1561 concremandos
1241 1529 1499 1561 decernentes.
1536 1528 1574 1561 Si
1602 1537 1691 1560 vero
1723 1527 1938 1562 anathema-

306 1587 522 1620 tizationem
535 1589 572 1619 et
586 1586 867 1618 reuocationem
884 1585 1099 1617 huiusmodi
1113 1584 1348 1616 recusauerit
1361 1584 1419 1616 vel
1438 1593 1521 1617 eam
1534 1584 1749 1626 neglexerit
1766 1585 1804 1617 et
1816 1585 1939 1625 quoad

305 1641 375 1674 hoc
403 1641 491 1674 huic
519 1643 645 1673 nostre
663 1641 849 1673 sententie
867 1649 1001 1681 parcre
1027 1639 1316 1682 subterfugerit,
1337 1639 1460 1680 ipsum
1489 1641 1680 1680 tamquam
1704 1639 1940 1680 pertinacem

307 1696 516 1729 hereticum
530 1695 730 1728 actualiter
744 1695 1027 1737 degradandum
1041 1696 1078 1727 et
1091 1695 1305 1727 exuendum
1321 1694 1359 1726 in
1378 1695 1500 1726 forma
1516 1693 1676 1726 ecclesie
1690 1694 1792 1727 omni
1805 1695 1939 1728 ordine

305 1753 342 1784 et
356 1752 476 1794 gradu
490 1750 744 1784 ecclesiastico
759 1760 801 1782 ac
819 1749 973 1782 brachio
992 1749 1152 1791 secularj
1172 1749 1462 1790 relinquendum
1481 1750 1562 1782 fore
1581 1749 1828 1782 declaramus.
1845 1765 1862 1778 n

349 1807 428 1845 Qun
446 1806 633 1839 sententia
657 1805 766 1844 lecta,
782 1806 1043 1846 pronunciata,
1061 1804 1210 1846 prolata
1223 1807 1259 1837 et
1274 1803 1526 1847 promulgata,
1542 1806 1579 1836 vt
1595 1805 1731 1845 fertur,
1745 1803 1938 1846 predictus

305 1862 487 1904 magister
500 1861 679 1894 Nicolaus
693 1861 899 1902 Serrurarij
919 1861 1014 1893 dixit
1030 1861 1144 1893 verba
1157 1861 1355 1901 sequentia
1367 1860 1406 1893 in
1421 1861 1574 1893 effectu:

350 1931 366 1944 u
381 1916 476 1955 Quia
493 1926 538 1950 ex
552 1916 786 1957 depositione
804 1917 957 1948 testium
981 1925 1094 1957 super
1111 1915 1281 1948 articulis
1305 1915 1414 1948 lectis
1431 1916 1702 1956 productorum
1719 1923 1815 1955 sum,
1833 1915 1872 1947 vt
1890 1923 1938 1947 ex

305 1974 436 2004 tenore
460 1981 657 2013 processus
681 1971 850 2012 apparet,
870 1971 1073 2010 convictus,
1091 1971 1176 2003 ideo
1202 1971 1354 2003 eosdem
1379 1970 1559 2003 articulos
1576 1979 1728 2010 reuoco,
1754 1969 1936 2011 promitto

303 2029 341 2059 et
355 2028 453 2068 jur0,
473 2026 746 2059 anathematizo
765 2028 802 2058 et
818 2026 997 2065 detestor,
1017 2027 1130 2067 prout
1154 2035 1213 2058 me
1237 2025 1356 2058 obtuli
1373 2026 1563 2058 facturum
1580 2026 1618 2058 et
1634 2025 1819 2057 admissus
1837 2033 1931 2064 sum,

305 2083 617 2123 quemadmodum
636 2082 674 2114 in
691 2082 878 2114 sententia
895 2081 1150 2114 continctur.n
1965 2070 1967 2073 ¹

346 2137 452 2170 Tunc
489 2146 640 2170 manum
671 2137 898 2178 imponendo
936 2145 1050 2178 supra
1080 2136 1279 2177 quemdam
1311 2135 1450 2169 librum
1483 2137 1562 2169 siue
1599 2136 1833 2169 breuiarium
1862 2135 1934 2168 sibi

302 2194 560 2234 presentatum
587 2195 625 2225 et
638 2191 805 2224 oblatum
827 2201 895 2232 per
911 2191 1166 2224 venerabilem
1190 2193 1337 2232 patrem
1354 2191 1547 2224 dominum
1565 2191 1723 2224 Petrum
1740 2191 1787 2224 de
1811 2191 1929 2231 Bena,

300 2247 520 2290 generalem
548 2247 689 2280 ordinis
703 2246 1020 2288 Augustiniensis,
1040 2247 1077 2278 et
1094 2255 1161 2287 per
1178 2247 1351 2279 eumdem
1369 2256 1412 2279 ac
1436 2247 1634 2279 sacristam
1651 2246 1927 2286 Viuariensem,

302 2303 390 2336 dum
406 2312 539 2336 manus
555 2303 718 2344 ponebat
734 2311 847 2343 supra
863 2311 962 2340 eum,
981 2303 1230 2334 sustentatum
1245 2311 1254 2343 ς
1278 2303 1316 2334 et
1333 2302 1468 2334 deinde
1481 2301 1675 2334 subiunxit
1691 2310 1757 2334 ore
1774 2301 1929 2342 proprio

298 2356 400 2389 idem
413 2357 594 2399 magister
611 2358 643 2389 N
647 2356 801 2396 icolaus,
811 2357 909 2397 quod
927 2357 1065 2389 dictam
1078 2357 1438 2398 sententiam,pr0ut
1454 2357 1531 2390 lata
1547 2358 1683 2396 fuerat,
1699 2357 1932 2399 acceptabat,

299 2411 521 2444 admittebat
543 2414 580 2444 et
603 2411 660 2444 illi
684 2411 958 2452 acquiescebat,
975 2421 1185 2452 parereque
1200 2413 1237 2445 ct
1261 2413 1415 2445 obedire
1429 2422 1469 2445 se
1497 2412 1682 2445 offerebat
1697 2421 1792 2454 puro
1811 2412 1925 2445 corde

301 2468 339 2500 et
351 2467 498 2500 sincera
511 2468 651 2500 mente.
1631 2465 1635 2469 “

342 2522 467 2554 Tenor
479 2532 567 2555 vero
582 2523 768 2554 dictorum
781 2522 1028 2555 articulorum
1045 2523 1124 2556 siue
1143 2523 1287 2564 cedule,
1307 2524 1352 2557 de
1370 2524 1505 2565 quibus
1522 2532 1638 2565 supra
1654 2523 1697 2555 fit
1710 2522 1867 2563 mentio,
1885 2523 1932 2556 de

299 2578 412 2610 verbo
427 2578 472 2610 ad
490 2578 645 2610 verbum
663 2578 832 2618 sequitur
846 2579 883 2610 et
900 2579 956 2610 est
976 2578 1063 2610 talis
1083 2588 1091 2610 :

343 2646 359 2659 u
369 2631 580 2671 QUAMQUAM
595 2633 851 2666 Samaritanus
865 2633 1108 2675 euangelicus
1122 2633 1223 2666 clero
1239 2634 1460 2677 euangelico
1472 2644 1540 2677 pro
1555 2635 1726 2668 fidelium
1741 2634 1931 2678 regimine

299 2696 371 2719 non
389 2687 510 2719 solum
527 2688 719 2728 vtriusque
736 2688 951 2720 testamenti
970 2688 1156 2725 denarios,
1176 2698 1306 2722 verum
1329 2690 1484 2731 insuper
1500 2690 1777 2731 plenitudinem
1801 2690 1927 2731 potes-

297 2742 385 2774 tatis
401 2741 604 2774 contulerit
620 2743 917 2785 supererogandi
941 2744 979 2775 et
995 2743 1157 2784 desuper
1174 2745 1356 2786 condendj
1376 2744 1542 2778 medelas
1560 2745 1874 2778 constitutionum
1889 2745 1928 2777 et

298 2805 483 2830 canonum
512 2806 627 2838 vsque
655 2797 701 2830 ad
729 2798 1095 2830 consummacionem
1122 2798 1239 2831 seculi
1268 2801 1305 2832 et
1332 2800 1539 2833 innouandi
1567 2801 1742 2841 quotiens
1769 2799 1928 2842 expedit

297 2854 452 2892 propter
464 2851 751 2885 insolentiarum
764 2853 1030 2895 emergentias,
1047 2853 1180 2893 quibus
1197 2854 1337 2886 assolet
1349 2854 1568 2888 habundare
1581 2855 1748 2896 inquitas
1763 2856 1802 2889 et
1817 2855 1928 2888 refri-

295 2914 450 2947 gescere
489 2907 626 2940 caritas
664 2907 912 2947 subditorum,
945 2917 1013 2940 nec
1041 2909 1198 2949 propter
1221 2909 1494 2949 presidentium
1521 2910 1814 2952 deformitatem,
1850 2918 1924 2951 qua.
1979 2946 1987 2953 ⁶

296 2959 424 2992 dicunt
437 2962 475 2994 et
491 2969 565 2993 non
581 2961 736 3002 faciunt,
753 2962 869 2996 licere
886 2963 1044 2996 subditis
1061 2964 1193 3004 quouis
1209 2965 1319 2997 modo
1344 2974 1560 3009 repugnare
1576 2967 1736 3009 prefatis
1753 2966 1917 3011 legibus,
