2050 3470
786 287 922 321 ANNO
950 287 1045 328 1298,
1073 287 1154 320 1307
1744 294 1782 327 51

153 401 431 458 inquisiteurs
458 414 510 442 en
529 400 613 442 hen
640 403 681 442 te
699 398 853 454 helpen
878 398 934 457 bij
959 400 1036 443 het
1057 399 1290 456 opzoeken,
1327 401 1584 446 aanhouden
1608 418 1661 447 en
1686 405 1786 448 ker-

153 470 286 513 keren
313 469 391 512 der
412 469 581 512 ketters
605 482 656 512 en
683 469 856 511 hunner
880 469 1197 525 begunstigers.
1220 468 1281 525 Op
1304 469 1425 513 bevel
1449 471 1526 514 der
1542 472 1786 531 kerkelijke

151 538 429 582 ambtenaren
446 537 723 588 voornoemd,
738 541 908 580 moeten
933 538 986 594 zij
1007 538 1058 580 de
1077 538 1243 581 ketters
1266 552 1372 582 naar
1389 540 1441 583 de
1463 541 1568 585 door
1586 541 1784 600 bisschop

151 607 199 650 of
217 607 478 663 inquisiteur
500 607 766 662 aangeduide
786 608 939 662 plaats,
969 620 1088 649 maar
1109 606 1268 650 binnen
1294 609 1383 652 hun
1417 610 1540 666 eigen
1567 612 1787 668 rechtsge-

151 676 245 719 bied
271 675 480 732 brengen,
518 689 644 718 waar
676 676 729 732 zij
765 676 871 718 door
901 676 1252 732 rechtgeloovige
1285 691 1498 734 personen
1532 680 1574 722 in
1610 686 1788 739 strenge

151 745 377 801 bewaring
410 748 578 788 moeten
605 745 832 801 gehouden
866 745 1061 796 worden,
1104 745 1245 789 totdat
1278 746 1367 789 hun
1403 749 1557 791 vonnis
1600 750 1705 794 door
1736 753 1788 795 de

150 814 406 871 geestelijke
444 813 651 856 overheid
683 814 994 870 uitgesproken
1029 814 1189 857 worde.
1233 815 1348 859 Voor
1380 817 1431 860 de
1466 818 1788 877 onmiddellijke

150 883 397 939 uitvoering
419 896 502 925 van
528 882 589 926 dit
623 883 777 925 vonnis
816 887 988 927 moeten
1012 883 1062 940 zij
1100 897 1315 928 eveneens
1353 900 1529 943 zorgen,
1568 888 1674 931 daar
1705 890 1789 932 alle

150 950 307 1007 beroep
325 951 409 994 den
429 950 600 994 ketters
619 951 804 1008 ontzegd
823 951 874 995 is.

196 1044 412 1087 Philippus,
447 1046 517 1078 ete.
549 1045 742 1078 Universis
772 1046 848 1078 suis
878 1045 1052 1078 fidelibus
1076 1049 1113 1078 in
1139 1047 1217 1078 toto
1246 1055 1362 1090 regno
1392 1048 1550 1083 Francie
1578 1051 1791 1084 constitutis

154 1099 315 1134 salutem
333 1102 371 1133 et
387 1100 639 1133 dilectionem.

195 1156 245 1189 Ut
264 1156 525 1198 Inquisitionis
543 1156 741 1198 negotium
768 1159 900 1189 contra
927 1156 1131 1191 hereticam
1160 1161 1381 1201 pravitatem
1407 1160 1452 1192 ad
1476 1160 1544 1193 Dei
1569 1160 1731 1203 gloriam
1755 1164 1793 1194 et

151 1212 395 1253 augmentum
411 1211 496 1243 fidei
513 1210 651 1244 nostris
671 1212 904 1253 temporibus
918 1216 1175 1254 prosperetur,
1190 1215 1474 1256 progenitorum
1489 1216 1702 1247 nostrorum
1714 1225 1791 1248 ves-

150 1268 256 1310 tigiis
274 1266 504 1306 inherentes,
527 1267 713 1300 universis
730 1267 838 1309 regni
856 1268 973 1299 nostri
989 1268 1157 1308 ducibus,
1185 1270 1396 1307 comitibus,
1421 1270 1623 1302 baronibus
1648 1280 1790 1304 necnon

150 1325 188 1356 et
200 1323 385 1356 universis
399 1321 631 1361 senescalliS,
659 1321 834 1361 bailliviS,
860 1323 1062 1364 prepositis
1088 1325 1298 1365 ceterisque
1322 1325 1537 1366 Justitiariis
1560 1326 1791 1368 injungimus

151 1378 188 1409 et
205 1375 436 1413 mandamus,
456 1375 496 1406 ut
514 1375 610 1406 sicut
636 1375 806 1416 reputari
833 1375 989 1417 cupiunt
1016 1377 1052 1407 ct
1076 1375 1207 1409 haberi
1240 1377 1381 1417 fideles,
1408 1379 1460 1412 ita
1485 1390 1554 1422 pro
1571 1381 1790 1414 defensione

155 1431 243 1464 fidei
261 1430 470 1463 diocesanis
489 1429 676 1471 episcopis
695 1432 731 1462 et
751 1430 1039 1472 inquisitoribus
1058 1431 1225 1464 heretice
1238 1433 1434 1474 pravitatis
1448 1444 1469 1468 a
1482 1436 1568 1471 sede
1587 1436 1792 1478 apostoliea

153 1486 341 1529 deputatis
369 1486 433 1518 aut
461 1486 499 1517 in
531 1486 725 1526 posterum
759 1485 982 1527 deputandis
1007 1488 1165 1527 pareant
1183 1488 1219 1520 et
1246 1488 1443 1522 intendant
1460 1490 1497 1522 in
1523 1490 1790 1531 hereticorum,

155 1538 403 1579 credentium,
423 1538 626 1577 fautorum,
647 1539 926 1579 receptatorum
960 1540 997 1571 et
1029 1539 1269 1573 defensorum
1295 1542 1462 1583 ipsorum
1487 1544 1790 1586 investigatione,

155 1594 328 1636 captione
353 1602 394 1625 ac
424 1593 594 1625 custodia
624 1592 812 1635 diligenti,
834 1602 919 1626 cum
937 1594 983 1626 ab
998 1594 1044 1626 iis
1059 1595 1202 1627 fuerint
1220 1597 1406 1637 requisiti.
1424 1601 1465 1630 ut
1483 1599 1649 1640 prefatas
1666 1608 1791 1641 perso-

156 1659 222 1683 nas
259 1649 460 1691 pestiferas
500 1649 538 1680 in
579 1650 806 1690 potestatem
835 1657 899 1682 seu
927 1658 1118 1682 carcerem
1146 1651 1408 1693 episcoporum
1448 1662 1489 1686 ac.
1526 1653 1792 1694 inquisitorum

155 1704 410 1747 predictorum
442 1702 501 1736 vel
528 1704 572 1736 ad
608 1702 745 1743 locum,
766 1704 810 1736 de
834 1713 907 1745 quo
926 1705 997 1745 ipsi
1016 1704 1072 1737 vel
1101 1705 1217 1747 aliqui
1243 1716 1288 1739 ex
1317 1707 1371 1739 eis
1396 1709 1666 1747 mandaverint,
1694 1710 1793 1743 infra

155 1761 279 1793 tamen
304 1759 518 1791 districtum
544 1757 659 1799 illiuS,
688 1759 752 1800 qui
778 1768 891 1800 super
914 1758 985 1791 hoe
1019 1761 1248 1801 requiretur,
1277 1762 1414 1795 ducant
1442 1762 1499 1795 vel
1529 1764 1613 1796 duci
1653 1765 1793 1797 faciant

156 1815 238 1847 sine
253 1822 370 1853 mora,
389 1813 453 1845 ubi
478 1821 546 1854 per
564 1813 664 1845 viros
683 1812 889 1846 catholicos
906 1822 928 1846 a
953 1815 1110 1855 prefatis
1131 1815 1316 1858 episcopis
1337 1826 1401 1850 seu
1421 1818 1707 1860 inquisitoribus
1732 1820 1789 1853 vel

156 1878 288 1903 eorum
311 1867 436 1909 aliquo
455 1868 644 1909 deputatis
669 1868 736 1900 sub
755 1869 838 1901 arta
856 1870 893 1901 et
917 1868 1093 1911 diligenti
1112 1870 1281 1903 custodia
1298 1872 1510 1912 teneantur,
1525 1873 1643 1906 donec
1661 1883 1792 1907 eorum

159 1924 352 1966 negotium
385 1931 453 1964 per
489 1922 648 1956 ecclesie
680 1922 864 1963 Judicium
888 1924 1126 1964 terminetur,
1156 1926 1270 1966 utque
1292 1926 1338 1958 de
1373 1926 1496 1960 heresi
1537 1937 1558 1961 a
1592 1929 1791 1962 diocesano

158 1981 334 2023 episcopo
357 1979 414 2012 vel
447 1979 672 2020 inquisitore
695 1987 760 2010 seu
788 1978 1075 2019 inquisitoribus
1097 1980 1389 2022 condempnatos
1407 1982 1477 2014 sibi
1496 1982 1648 2016 relictos
1666 1985 1791 2017 statim

159 2036 343 2078 recipiant
361 2034 517 2067 indilate
536 2033 864 2067 animadversione
889 2033 1016 2067 debita
1037 2035 1258 2075 puniendos,
1279 2046 1351 2068 non
1370 2037 1604 2070 obstantibus
1629 2038 1792 2080 appella-

156 2091 322 2124 tionibus
358 2099 422 2123 seu
458 2088 823 2132 proclamationibus
859 2089 1115 2130 predictorum
1152 2091 1319 2132 nequitie
1354 2090 1532 2134 filiorum,
1561 2103 1645 2126 cum
1683 2103 1793 2127 omne

159 2145 422 2188 appellationis
439 2148 475 2177 et
494 2143 802 2186 proclamationis
821 2144 1044 2177 beneficium
1071 2154 1247 2187 expresse
1272 2147 1320 2178 sit
1345 2146 1522 2180 hereticis
1547 2150 1584 2181 et
1608 2149 1792 2182 eredenti-

159 2202 226 2234 bus
241 2210 283 2234 ae
296 2210 426 2233 eorum
441 2199 750 2241 receptatoribus,
770 2199 981 2232 fautoribus
995 2203 1032 2232 et
1049 2201 1308 2234 defensoribus
1325 2203 1579 2236 interdictum.

201 2256 337 2288 Datum
364 2264 461 2288 anno
487 2254 640 2287 Domini
658 2253 860 2286 millesimo
890 2254 1146 2287 ducentesimo
1172 2257 1414 2298 nonagesimo
1440 2259 1582 2296 octavo,
1602 2259 1639 2291 in
1653 2260 1794 2291 octavis

160 2311 376 2345 Nativitatis
402 2310 508 2342 beate
534 2309 653 2342 Marie
685 2308 869 2351 Virginis,
904 2310 1142 2351 presentibus
1170 2311 1214 2344 ad
1244 2311 1314 2344 hoc
1338 2311 1619 2355 archiepiscopo
1652 2315 1796 2348 Narbo-

160 2367 280 2405 nensi,
300 2365 622 2405 Altissiodorcnsi‚
641 2364 918 2397 Constantiensi
936 2366 974 2397 et
986 2365 1272 2399 Carcassonensi
1290 2367 1486 2409 episcopis.

514 2435 780 2470 Ordomzcmces
804 2435 868 2468 des
886 2436 973 2470 Rois
1000 2435 1045 2469 de
1072 2437 1228 2475 France.
1256 2438 1337 2471 decl
1364 2439 1393 2478 Ι,
1413 2438 1479 2471 blz.
1496 2440 1655 2482 330-3313
1688 2441 1795 2483 Olim,

553 2491 637 2523 dccl
658 2491 708 2530 II,
724 2491 790 2525 fol.
811 2491 883 2523 116.
904 2492 1015 2533 Bijna
1032 2492 1212 2534 letterlijk
1232 2503 1506 2536 ovcrgenomen
1526 2497 1579 2528 uit
1593 2496 1655 2529 het
1673 2497 1800 2531 hoosd-

557 2547 645 2579 stuk
662 2547 715 2586 18,
734 2546 787 2579 De
805 2546 1008 2587 haereticis,
1026 2549 1062 2579 7'21
1080 2553 1181 2580 sexto
1199 2558 1267 2581 van
1284 2550 1498 2583 Bonifacius
1513 2551 1601 2584 VIII
1621 2553 1647 2584 's
1666 2553 1798 2587 Decre-

547 2601 661 2634 talen.

835 2719 899 2762 32
937 2713 1136 2779 (ioifflss).

234 2849 356 2896 1307,
394 2847 552 2891 Maart
592 2848 661 2895 26,
707 2846 879 2891 Melun.
921 2847 1046 2891 Bries
1081 2861 1164 2890 van
1210 2847 1290 2890 den
1334 2849 1583 2892 Fransehen
1638 2851 1802 2908 koning

175 2916 342 2975 Philips
380 2917 441 2959 IV
474 2916 555 2958 den
597 2915 792 2958 Schoone
826 2929 912 2958 aan
939 2915 1161 2959 Robrecht
1194 2930 1277 2959 van
1324 2917 1537 2966 Berhune,
1565 2920 1695 2976 grans
1721 2934 1802 2963 van

176 2986 474 3037 Vlaanderen,
501 2999 606 3028 over
628 2985 679 3028 de
702 2985 935 3041 uitroeiing
955 2999 1036 3028 van
1062 2985 1113 3027 de
1136 2986 1238 3028 orde
1261 2986 1338 3029 der
1360 2988 1716 3043 TempelridderS.
1745 3017 1803 3025 —
