2050 3470
264 321 305 355 52)
953 319 1092 353 ANNO
1120 319 1202 351 1:307

263 436 319 476 De
342 433 505 487 koning
529 431 673 474 inaakt
697 433 792 474 hom
817 431 981 474 bekend
1017 434 1104 473 met
1121 431 1205 487 zijn
1242 431 1404 473 inzicht
1437 445 1504 474 om
1536 432 1587 474 de
1611 432 1729 482 orde,
1775 432 1885 474 wier

262 500 588 557 afsehuwelijke
627 500 795 556 ketterij
832 500 1013 554 onlangs
1047 513 1126 542 :ian
1162 500 1242 542 den
1277 499 1361 555 dag
1394 500 1427 541 is
1467 500 1691 555 gekomen,
1719 499 1774 557 bij
1801 500 1883 543 den

262 584 368 625 paus
391 583 470 611 aan
495 573 536 611 te
560 568 735 623 klagen,
773 582 823 610 en
847 568 905 624 hij
933 572 1055 622 roept
1088 568 1168 609 den
1195 568 1483 610 Vlaamschen
1508 568 1636 623 graaf
1654 569 1717 610 als
1740 569 1881 625 zijnen

262 638 466 680 leenheer
489 651 557 692 op,
583 651 650 678 oni
675 637 770 678 hem
796 635 1059 692 persoonlijk
1078 635 1124 677 of
1137 636 1242 678 door
1265 649 1399 678 eenen
1427 636 1814 693 plaatsvervanger
1832 650 1884 693 op

259 720 394 749 eenen
419 705 642 761 gestelden
668 706 840 761 termijn
862 710 903 747 te
926 705 1062 747 Tours
1086 710 1128 747 te
1152 705 1307 746 komen
1330 718 1589 760 vervoegen.

303 797 513 839 Philippus,
534 798 601 829 Dei
620 797 743 839 gratia
760 797 991 829 Francorum
1015 805 1094 834 rex,
1120 796 1258 829 dilecto
1285 797 1322 829 et
1339 795 1441 829 fideli
1467 798 1594 830 nostro
1620 797 1748 830 comiti
1767 796 1878 830 Flan-

260 854 363 886 driae
381 853 540 886 salutem
559 854 594 884 et
612 851 868 884 dilectionem.

304 908 406 941 Fidei
424 907 522 940 zelus
541 906 747 940 catholicae
762 916 829 939 nos
853 907 1047 948 quiescere
1064 916 1138 939 non
1151 907 1350 948 permittit,
1376 907 1586 949 quominus,
1601 908 1642 940 ut
1660 907 1805 940 inimici
1823 916 1885 940 no-.

262 965 372 996 minis
399 963 517 995 Jehsu
552 962 702 1000 Christi,
737 962 808 993 nisi
840 970 908 1002 per
939 971 1066 994 veram
1094 962 1365 1003 poenitentiam
1397 963 1674 1001 convertantur,
1700 962 1746 995 de
1776 963 1886 1005 regni

261 1019 378 1051 nostri
398 1018 533 1050 tinibus
550 1016 800 1058 expellantur,
819 1017 1007 1048 continuis
1040 1017 1183 1049 actibus
1210 1017 1439 1050 insudemus.
1466 1017 1583 1050 Error
1600 1025 1688 1050 sane
1713 1016 1884 1058 Templa-

260 1075 401 1106 riorum
419 1075 494 1105 tam
513 1071 762 1104 ablioininalis
781 1081 900 1112 nuper
918 1072 955 1103 in
972 1071 1094 1104 lucem
1111 1071 1292 1104 deductus
1309 1081 1330 1104 a
1348 1072 1506 1104 Domino
1523 1073 1627 1104 vobis
1645 1073 1819 1110 innotuit,
1839 1073 1885 1105 ad

260 1138 369 1169 quem
388 1129 548 1160 asancta
566 1127 633 1158 Dei
653 1125 812 1158 ecclesia
836 1127 1099 1167 extirpandum
1131 1127 1299 1167 quisquis
1324 1126 1529 1158 catholicus
1557 1127 1750 1168 potissimo
1768 1126 1884 1159 ecele-

260 1184 399 1215 siarum
431 1181 589 1224 praelati
621 1182 658 1214 in
684 1182 765 1222 ipsa
790 1181 859 1213 Dei
883 1180 1043 1214 eoolesia
1074 1181 1332 1222 praesidentes
1361 1182 1548 1213 tenentur.
1579 1180 1790 1222 Eapropter
1817 1189 1884 1212 nos

259 1238 544 1280 progenitorum
570 1237 783 1268 nostrorum
814 1236 984 1278 vestigiis
1014 1235 1266 1274 inhaerentes,
1294 1236 1356 1277 qui
1381 1236 1575 1278 negotium
1598 1235 1812 1277 hujusmodi
1836 1236 1883 1269 ad

258 1293 513 1326 defensionem
540 1291 627 1323 fidei
651 1292 841 1323 ferventer
857 1291 1136 1332 assumpsimus,
1163 1300 1247 1323 oum
1272 1291 1352 1331 ejus
1370 1290 1524 1330 auxilii),
1543 1290 1648 1331 eujus
1665 1299 1726 1323 res
1742 1291 1882 1333 agitur,

261 1350 298 1381 in
316 1348 385 1380 hae
402 1351 508 1389 parte
526 1347 732 1379 ferventius
756 1347 878 1388 ipsum
902 1347 1079 1388 prosequi
1107 1348 1145 1380 et
1169 1356 1235 1379 nos
1260 1347 1305 1379 ad
1323 1346 1566 1388 apostolicam
1583 1346 1709 1379 sedem
1724 1346 1764 1378 in
1781 1347 1886 1379 brevi

259 1404 465 1436 transferre
497 1401 753 1443 proponimus,
783 1410 850 1442 pro
879 1400 952 1433 hiis
981 1402 1018 1433 et
1042 1400 1139 1441 aliis,
1169 1402 1280 1442 prout
1320 1402 1446 1433 nostro
1487 1401 1594 1433 decet
1621 1401 1884 1440 ministerium,

258 1457 532 1499 promovendis,
562 1457 724 1489 vestram
751 1456 870 1498 igitur
897 1455 1190 1488 sollicitudinem
1221 1456 1439 1494 excitamus,
1465 1456 1570 1488 vobis
1595 1456 1662 1488 sub
1691 1455 1887 1489 fidelitatis

259 1511 420 1551 vinoulo,
439 1521 511 1552 quo
528 1511 635 1543 nobis
667 1511 836 1543 abstricti
868 1511 1084 1550 teneamini,
1116 1511 1370 1553 injungentes,
1401 1511 1583 1552 quatenus
1605 1510 1651 1543 ad
1674 1511 1752 1542 tres
1770 1510 1881 1553 septi—

259 1575 386 1599 manas
410 1567 583 1598 instantis
601 1565 796 1598 Pasohatis
814 1566 920 1598 nobis
945 1566 983 1598 in
1001 1563 1216 1607 praemissis
1234 1575 1342 1607 opem
1367 1567 1404 1598 et
1435 1564 1632 1598 consilium
1657 1565 1879 1607 impensuri,

258 1621 451 1653 nobiscum
475 1621 572 1662 apud
590 1621 760 1653 Turones
784 1620 978 1659 intersitis,
997 1619 1055 1653 vel
1080 1619 1212 1653 saltem
1236 1622 1520 1662 procuratorem
1543 1619 1601 1653 vel
1618 1621 1884 1662 procuratores

259 1677 412 1709 idoneos
429 1677 474 1709 ad
492 1686 557 1708 nos
574 1677 729 1718 propter
743 1675 835 1708 haee
849 1676 1057 1708 destinetis.

300 1733 435 1764 Actum
452 1731 654 1770 Meleduni‚
673 1731 734 1763 die
751 1731 848 1771 xxvj.
876 1729 1015 1769 Martii,
1035 1739 1130 1762 anno
1163 1730 1312 1762 Domini
1331 1730 1386 1762 Μο
1402 1730 1502 1763 CCC0
1526 1729 1696 1771 septimo.
1721 1728 1769 1762 Et
1793 1729 1884 1763 έεαίε

257 1785 364 1818 scelle'
379 1784 469 1817 ‹I’zm
478 1784 605 1828 yrand
620 1795 729 1818 sceau
743 1795 787 1817 en
806 1786 877 1817 cire
890 1783 1056 1817 blanche.

606 1863 663 1895 Du
680 1862 775 1904 puy,
796 1862 954 1895 Histoire
971 1860 1015 1893 de
1038 1860 1075 1894 Ia
1091 1860 1383 1894 condamnation
1406 1859 1469 1893 des
1499 1859 1709 1904 Templiers,
1729 1860 1812 1893 deel
1831 1860 1882 1900 ΙΙ,

648 1917 715 1949 blz.
734 1918 797 1950 322
813 1927 821 1958 ς
857 1916 1020 1949 Miraeus
1037 1925 1083 1948 en
1101 1917 1287 1959 Foppens,
1310 1916 1426 1959 Opera
1440 1914 1688 1958 diplomatica,
1703 1915 1785 1949 deel
1809 1914 1879 1955 ΙΙΙ,

650 1972 717 2004 blz.
739 1973 811 2005 151.

925 2097 990 2138 33
1027 2091 1226 2153 (miter).

317 2233 437 2280 1307,
476 2231 660 2274 October·
694 2234 758 2279 11,
794 2232 999 2286 [operere.
1045 2231 1290 2274 Notarieele
1333 2234 1428 2274 acte
1464 2231 1615 2274 aldaar
1653 2231 1877 2287 opgesteld

257 2305 330 2345 ten
350 2303 474 2345 huize
490 2316 574 2344 van
598 2317 731 2344 eenen
754 2302 928 2357 burger,
954 2302 1215 2345 bevattende
1238 2303 1289 2345 de
1308 2303 1400 2345 vier
1422 2302 1632 2358 volgende
1655 2301 1846 2345 stukken
1868 2316 1877 2345 ε

262 2373 305 2414 1⁰
339 2371 425 2413 Een
464 2370 586 2413 bevel
611 2385 694 2412 van
719 2371 801 2412 den
823 2371 1076 2413 Fransohen
1099 2371 1265 2427 koning
1287 2371 1452 2426 Philips
1489 2371 1550 2414 IV
1583 2371 1665 2413 den
1687 2370 1881 2413 Schoone

256 2439 493 2496 (Pontoise‚
531 2440 587 2482 20
619 2439 868 2494 September
895 2440 1042 2495 1307),
1084 2440 1253 2495 gericht
1289 2445 1354 2482 tot
1391 2440 1432 2483 al
1465 2440 1517 2482 de
1550 2440 1804 2496 geestelijke
1826 2454 1879 2482 en

256 2508 522 2563 wereldlijke
547 2509 791 2550 overheden
820 2522 900 2549 van
929 2509 1014 2564 zijn
1039 2509 1310 2565 koningrijk‚
1337 2509 1425 2550 hun
1450 2508 1683 2550 bevelende
1705 2509 1748 2550 in
1771 2509 1880 2551 alles

257 2580 299 2619 te
323 2577 638 2631 gehoorzamen
672 2591 753 2618 aan
789 2576 991 2626 Reinout‚
1027 2577 1194 2618 vidame
1226 2577 1552 2632 (vicedominus)
1590 2590 1675 2618 van
1706 2577 1882 2632 Pecqui-

258 2659 361 2701 guy,
389 2646 469 2687 Jan
497 2659 578 2687 van
601 2647 828 2688 Varennes
863 2658 914 2686 en
947 2644 1029 2687 den
1062 2644 1222 2702 baljuw
1259 2659 1339 2687 van
1374 2645 1563 2694 Amiens.
1601 2645 1712 2701 zijne
1734 2646 1880 2701 gevol-

256 2713 546 2769 ma‹·htigden.
573 2739 630 2744 —
655 2714 698 2754 2⁰
722 2714 809 2755 Een
835 2712 957 2755 bevel
983 2727 1064 2755 van
1098 2713 1351 2756 denzelfden
1383 2713 1547 2770 koning
1574 2727 1656 2756 aan
1689 2713 1880 2756 dezelfde

254 2782 345 2823 drie
367 2781 605 2832 (Pontoise‚
635 2782 688 2824 14
709 2781 959 2836 September
985 2782 1132 2839 1307),
1161 2781 1337 2838 waarbij
1363 2782 1423 2838 hij
1449 2782 1539 2824 hun
1565 2782 1616 2825 de
1639 2781 1878 2839 ketterijen

257 2864 306 2890 en
334 2849 659 2906 asschuwelijke
682 2851 922 2906 praetijken
960 2850 1036 2892 der
1059 2849 1403 2905 Tempelridders
1426 2849 1593 2891 bekend
1612 2849 1760 2892 maakt
1781 2863 1791 2900 ;
1819 2863 1877 2892 na

257 2918 587 2960 overeenkomst
612 2922 698 2960 met
719 2920 800 2960 den
837 2932 944 2974 paus
968 2933 1021 2961 en
1046 2923 1132 2962 met
1165 2919 1215 2961 de
1248 2919 1502 2975 geestelijke
1534 2932 1587 2961 en
1610 2917 1879 2974 wereldlijke

255 2985 379 3028 leden
399 3000 481 3028 van
505 2986 648 3042 zijnen
671 2987 862 3030 Grooten
882 2987 1019 3040 Raad,
1034 3000 1086 3029 en
1105 3001 1162 3030 na
1181 3001 1260 3030 een
1278 2986 1522 3031 onderzoek
1539 2986 1754 3043 ingesteld
1770 2986 1876 3030 door
