2050 3470
316 297 380 331 208
1009 291 1146 325 ANNO
1171 291 1256 324 1418

319 416 402 440 cum
416 404 529 439 certis
545 404 746 437 verborum
763 401 924 437 aliorum
941 397 1256 443 descriptionibus
1273 400 1319 434 ad
1336 399 1539 443 legendum
1554 399 1683 433 traditi
1699 410 1708 442 ς
1726 399 1862 442 quibus
1877 407 1946 441 per

318 471 404 496 eum
421 460 583 502 receptis
600 460 638 492 et
654 457 930 500 aliquantulum
947 456 1140 498 inspectis,
1157 456 1253 488 dixit
1270 456 1368 498 quod
1385 465 1459 488 non
1475 456 1626 489 videbat
1652 464 1721 489 nec
1743 456 1870 497 posset
1881 464 1946 489 eos

319 517 461 559 legere,
476 524 520 547 eo
535 513 634 555 quod
646 514 766 546 visum
780 512 939 545 haberet
969 511 1231 543 abbreuiatum
1248 511 1286 543 et
1302 519 1414 542 vnum
1432 519 1479 544 ex
1495 509 1612 543 oculis
1629 510 1705 542 suis
1721 509 1947 551 perdidisset

318 572 355 603 in
369 569 598 608 carceribus,
614 569 650 601 et
663 567 792 600 littera
805 566 916 599 nimis
930 565 1084 608 gracilis
1097 566 1135 598 et
1151 565 1275 598 tenuis
1288 566 1382 606 erat3
1398 565 1435 598 et
1448 564 1695 598 incontinenti
1708 564 1862 597 fuerunt
1874 564 1946 597 sibi

318 628 464 668 portate
482 625 553 657 due
579 623 734 656 candele
759 619 867 655 ceree
893 629 1047 654 accense
1076 621 1113 652 vt
1137 620 1275 653 clarius
1299 621 1425 661 posset
1448 620 1588 661 videre,
1618 620 1683 652 scd
1710 619 1884 660 perstetit
1905 619 1946 652 in

318 682 448 724 primis
473 681 550 713 suis
564 678 885 716 excusacionibus,
911 685 983 717 que
997 676 1096 708 dicto
1114 675 1264 708 domino
1278 675 1494 717 patriarche
1505 675 1622 717 J'udici
1635 676 1672 709 et
1688 675 1945 708 commissario

315 735 536 770 verisimiles
561 733 818 776 apparuerunt
842 732 880 764 et
903 731 1158 773 apparebant3
1184 732 1222 763 et.
1245 731 1290 763 de
1314 730 1432 772 ipsius
1456 730 1645 772 mandato,
1663 730 1709 763 ad
1730 730 1947 771 requestam

315 792 405 825 dicti
423 790 597 833 magistri
614 788 774 828 Nicolai,
793 788 866 820 fuit
883 787 1085 828 deputatus
1107 796 1201 818 vnus
1225 786 1272 819 ad
1295 786 1498 828 legendum
1515 786 1634 818 dictos
1658 785 1838 818 articulos
1860 794 1946 818 cum

314 845 629 888 descriptionibus
653 843 736 885 alijs
761 843 912 876 nomine
929 842 1099 875 eiusdem
1125 841 1299 884 magistri
1326 841 1474 874 Nicolai
1498 842 1537 874 et
1559 850 1627 883 pro
1651 841 1745 882 ipso,
1770 840 1947 874 videlicet

311 902 493 945 magist-er
511 901 649 933 Petrus
666 899 712 932 de
738 898 953 940 Lamburga
968 897 1008 930 in
1032 896 1194 930 decretis
1219 895 1447 937 licentiatus,
1474 905 1517 929 ac
1540 896 1660 929 voluit
1683 895 1722 929 et
1743 895 1947 937 consentiit

312 957 410 999 quod
427 955 584 998 perinde
600 954 806 987 haberetur
829 962 873 986 ac
896 952 928 984 si
951 952 1032 994 ipse
1056 952 1238 994 magister
1255 951 1434 985 Nicolaus
1450 952 1602 985 eosdem
1619 950 1799 984 articulos
1816 951 1855 984 et
1871 949 1946 983 alia

311 1014 351 1046 in
375 1013 476 1045 dicta
498 1011 632 1044 cedula
656 1010 834 1043 contenta
857 1008 1014 1051 legisset
1030 1008 1111 1041 siue
1136 1007 1294 1050 legeret.
1323 1007 1403 1046 Que
1420 1007 1554 1041 cedula
1568 1015 1637 1049 per
1652 1006 1706 1039 sie
1724 1006 1945 1048 deputatum

312 1068 388 1100 alta
401 1068 439 1100 et
455 1065 690 1108 intelligibili
702 1073 793 1097 voce
806 1064 878 1096 fuit
890 1063 1002 1096 lecta.

355 1123 403 1155 Et
418 1122 500 1163 ipsa
515 1121 626 1161 lecta,
644 1121 746 1153 idem
763 1119 936 1151 dominus
949 1117 1166 1160 patriarcha
1179 1118 1216 1151 et
1231 1118 1364 1161 vigore
1381 1118 1656 1150 commissionis
1673 1117 1744 1150 sibi
1760 1116 1858 1150 facte
1875 1125 1944 1158 per

313 1177 593 1212 sacrosanctum
622 1175 824 1207 concilium
849 1175 887 1206 et
903 1173 1097 1206 dominum
1125 1174 1297 1206 nostrum
1324 1182 1459 1215 papam
1483 1172 1689 1206 Martinum
1718 1172 1944 1214 predictum,

311 1233 499 1275 quandam
516 1230 757 1263 diffinitiuam
774 1229 1000 1262 sententiam
1017 1228 1150 1260 contra
1165 1229 1340 1261 eumdem
1356 1228 1581 1271 magistrum
1598 1226 1796 1261 Nicolaum
1813 1226 1944 1260 Serru-

312 1287 400 1329 rarij
417 1286 524 1329 legit,
542 1284 714 1328 protulit,
732 1284 1012 1327 pronunciauit,
1031 1284 1069 1317 et
1085 1284 1131 1316 de
1148 1284 1262 1317 verbo
1281 1284 1328 1317 ad
1344 1284 1500 1317 verbum
1517 1282 1775 1326 promulgauit
1790 1282 1858 1316 sub
1871 1281 1944 1324 hijs

308 1342 434 1376 verbis
452 1351 459 1373 :

356 1412 371 1425 ιι
391 1398 541 1431 CHmsri
568 1405 710 1430 ΝΟΜΙΝΕ
736 1395 925 1429 inuocato.

355 1467 371 1480 u
387 1453 482 1492 Quia
495 1452 779 1484 communicatis
796 1450 1033 1493 processibus
1046 1450 1147 1484 inter
1161 1460 1228 1483 nos
1240 1451 1385 1492 ,iudices
1398 1459 1511 1492 super
1528 1449 1824 1491 quibuscumque
1836 1445 1944 1479 here·

310 1508 426 1549 sibus,
446 1509 483 1541 et
500 1507 716 1549 specialiter
732 1516 846 1548 super
862 1507 964 1540 secta
981 1507 1018 1539 et
1034 1506 1131 1539 falsa
1147 1506 1319 1539 doctrina
1336 1506 1537 1547 dampnate
1561 1503 1744 1538 memorie
1759 1503 1782 1536 J
1786 1501 1945 1535 ohannis

308 1562 465 1596 VVicleff
474 1564 512 1596 et
527 1563 550 1596 J
554 1562 712 1595 ohannis
730 1563 856 1595 Huuss
873 1571 1079 1603 eorumque
1093 1561 1311 1602 sequacium
1328 1562 1366 1594 et
1381 1562 1573 1594 fautorum
1585 1569 1654 1602 per
1667 1557 1944 1592 sacrosanctam

310 1618 494 1659 synodum
513 1618 838 1651 Constantiensem
856 1617 1090 1660 generaliter
1106 1617 1304 1658 deputatos
1321 1618 1398 1649 tam
1415 1625 1483 1659 per
1507 1626 1575 1648 nos
1591 1616 1630 1648 in
1655 1615 1760 1648 curia
1777 1621 1889 1654 quam
1904 1611 1944 1644 in

309 1673 479 1714 partibus
507 1682 576 1714 per
603 1673 855 1706 reverendum
880 1673 1027 1714 patrem
1051 1672 1269 1714 episcopum
1298 1672 1577 1705 Tornacensem
1604 1673 1943 1713 inquisitoremque

308 1727 475 1761 heretice
493 1729 693 1769 prauitatis
710 1729 843 1761 contra
867 1729 905 1760 et
929 1728 1111 1760 aduersus
1140 1728 1299 1760 fratrem
1328 1727 1526 1760 Nicolaum
1551 1727 1773 1770 Serrurarij‚
1799 1725 1943 1759 ordinis

308 1782 580 1816 heremitarum
605 1783 724 1816 sancti
755 1783 971 1826 Augustini,
1008 1784 1141 1815 domus
1169 1783 1388 1815 eorumdem
1415 1784 1576 1816 fratrum
1601 1783 1864 1822 Tornacensis,
1902 1781 1943 1814 in

307 1847 413 1870 sacra
429 1838 625 1881 theologia
642 1838 879 1881 magistrum,
898 1847 1012 1879 super
1029 1837 1220 1870 nonnullis
1245 1837 1415 1870 articulis
1433 1838 1603 1870 erroneis
1627 1837 1666 1870 in
1683 1838 1757 1870 fide
1774 1839 1812 1871 et
1835 1837 1942 1870 bonis

306 1893 486 1932 moribus,
506 1893 811 1934 scandalosisque
840 1894 878 1926 et
903 1893 1097 1926 sediciosis
1114 1894 1226 1934 atque
1249 1893 1288 1925 in
1305 1893 1459 1926 auribus
1475 1892 1670 1925 hominum
1686 1893 1784 1926 male
1801 1901 1942 1925 sonan—

305 1948 418 1987 tibus,
437 1957 564 1980 coram
582 1948 689 1980 nobis
707 1948 745 1980 in
763 1947 904 1989 Judicio
921 1946 1078 1980 realiter
1102 1946 1281 1980 exhibitis
1299 1948 1336 1980 et
1348 1947 1541 1988 productis
1555 1947 1713 1980 inferius
1730 1947 1941 1989 descriptis,

304 2001 470 2042 ipsisque
497 2001 704 2045 diligenter
727 2002 921 2044 inspectis,
947 2011 1094 2034 necnon
1111 2001 1366 2036 relacionibus
1391 2001 1659 2034 nonnullorum
1675 2002 1881 2043 proborum
1904 2001 1944 2034 et

302 2055 562 2089 litteratorum
590 2058 725 2099 quibus
750 2067 796 2090 ex
821 2057 1056 2090 habundanti
1074 2057 1223 2089 cautela
1240 2057 1495 2090 commisimus
1512 2057 1776 2096 recensendos,
1794 2058 1941 2090 mature

304 2111 454 2151 auditis,
473 2121 707 2154 numeroque
731 2112 886 2145 testium
909 2113 1154 2153 vtrorumque
1182 2121 1427 2153 processuum
1445 2112 1704 2152 consideratis,
1722 2112 1941 2153 cunctisque

302 2166 403 2199 circa
418 2166 490 2200 hec
503 2176 599 2208 equo
614 2167 814 2200 libramine
831 2167 932 2199 inter
945 2176 1012 2199 nos
1025 2167 1256 2208 ponderatis,
1275 2167 1420 2199 constat
1437 2167 1544 2199 nobis
1558 2175 1605 2199 ex
1620 2166 1697 2199 illis
1710 2166 1942 2199 sufficienter

301 2221 501 2263 probatum
519 2231 601 2255 esse
619 2222 760 2255 dictum
782 2223 940 2255 fratrem
958 2221 1157 2255 Nicolaum
1175 2221 1316 2262 xxviij.
1343 2230 1389 2254 ex
1418 2221 1527 2254 dictis
1544 2221 1714 2254 articulis
1730 2221 1880 2263 publice
1903 2222 1943 2255 et

303 2275 428 2315 sepius
457 2276 629 2318 pluribus
662 2277 770 2310 annis
794 2285 967 2316 erronee,
986 2277 1129 2309 temere
1155 2276 1193 2309 et
1216 2276 1503 2317 presumptuose
1519 2276 1558 2308 in
1575 2275 1767 2318 plerisque
1783 2275 1888 2318 locis,
1904 2277 1943 2309 et

302 2332 503 2370 presertim
521 2332 560 2363 in
579 2332 734 2364 ciuitate
749 2331 982 2364 Tornacensi
999 2332 1037 2364 et
1054 2331 1315 2364 Cameracensi
1329 2331 1541 2364 diocesibus
1553 2331 1592 2363 in
1605 2331 1796 2372 presentia
1811 2331 1942 2373 populi

301 2385 516 2426 predicasse
537 2388 575 2419 et
593 2387 880 2429 dogmatizasse,
906 2387 944 2419 et
967 2386 1216 2419 christianum
1241 2386 1422 2428 populum
1438 2395 1552 2427 super
1567 2386 1659 2428 ipsis
1684 2395 1796 2427 quam
1818 2386 1942 2427 pluri-

302 2447 404 2471 mum
444 2442 575 2473 contra
614 2442 813 2474 veritatem
842 2441 1028 2474 catholice
1058 2441 1148 2473 fidei
1177 2442 1215 2473 et
1242 2450 1371 2474 sanam
1407 2441 1617 2473 doctrinam
1652 2442 1941 2483 sanctorumque

300 2495 451 2536 patrum
469 2496 659 2538 infecisse,
680 2497 717 2529 et
734 2497 780 2529 ad
798 2497 1043 2529 inficiendum
1060 2496 1182 2538 magis
1200 2495 1328 2537 plures
1355 2505 1402 2528 ex
1427 2496 1536 2528 dictis
1561 2496 1732 2529 erroneis
1755 2505 1821 2528 seu
1836 2494 1944 2528 here-

300 2550 375 2581 seis
402 2550 572 2583 articulis
601 2552 647 2583 de
675 2551 794 2584 latino
819 2551 859 2583 in
890 2551 1047 2593 vulgare
1070 2551 1251 2593 gallicum
1275 2550 1525 2590 transtulisse,
1554 2551 1710 2592 propter
1737 2559 1810 2592 que
1826 2550 1941 2583 etiam

301 2603 437 2646 grauia
453 2606 491 2637 et
520 2606 690 2638 enormia
714 2606 881 2638 nondum
905 2605 1017 2647 plene
1034 2605 1156 2646 sopita
1184 2605 1360 2638 scandala
1378 2605 1415 2637 in
1433 2604 1534 2638 clero
1563 2606 1601 2638 et
1623 2604 1762 2647 populo
1786 2604 1939 2638 illarum

299 2659 466 2700 partium
485 2660 687 2693 subsecuta
703 2661 836 2700 fuisse,
856 2661 1054 2702 ipsumque
1071 2659 1252 2702 populum
1271 2661 1403 2693 contra
1418 2659 1633 2692 huiusmodi
1650 2659 1794 2693 clerum
1810 2660 1940 2694 ciuita-

300 2712 348 2744 tis
365 2713 403 2745 et
421 2714 581 2747 diocesis
600 2715 850 2748 Tornacensis
868 2716 906 2748 et
922 2715 1092 2747 locorum
1110 2715 1466 2748 eircumuicinorum
1484 2715 1776 2756 dampnabiliter
1792 2716 1829 2748 et
1844 2716 1940 2758 peri—

300 2766 534 2803 culosissime
548 2770 724 2803 incitasse
738 2771 777 2803 et
789 2770 904 2803 etiam
917 2770 1178 2803 commouisse.

346 2836 362 2849 a
382 2823 550 2862 Quorum
567 2825 754 2866 siquidem
772 2824 1021 2857 articulorum
1049 2824 1167 2865 aliqui
1196 2825 1328 2858 contra
1355 2825 1514 2857 eandem
1545 2823 1794 2858 orthodoxam
1824 2824 1938 2857 fidem

300 2879 463 2919 erronei,
483 2879 602 2921 aliqui
624 2889 714 2913 vero
742 2879 932 2921 inJ'uriosi,
958 2879 1153 2913 temerarii
1171 2879 1209 2912 et
1224 2879 1448 2922 scandalosi,
1465 2879 1746 2922 presumptuosi
1767 2877 1827 2912 vel
1843 2879 1937 2912 sedi-

299 2933 400 2974 tiosi,
416 2936 455 2968 et
471 2935 645 2969 nonnulli
661 2936 811 2978 piarum
834 2935 985 2969 aurium
1011 2935 1186 2969 offensiui
1203 2935 1403 2969 euidenter
1419 2935 1585 2969 existunt
1599 2945 1608 2977 3
1634 2935 1769 2977 quibus
1785 2934 1936 2977 quidem

299 2988 579 3024 temeritatibus
596 2992 634 3024 et
651 2989 850 3031 scandalis,
878 2990 950 3023 nisi
975 2989 1182 3024 salubriter
1206 2989 1427 3024 obuiaretur
1443 2991 1490 3024 dc
1505 2990 1683 3033 remediis
1700 2988 1934 3033 opportunis,
