2050 3470
282 297 302 328 6
970 289 1105 324 ANNO
1131 288 1214 322 1139

278 405 423 447 prefata
433 403 593 437 ecclesia
603 403 731 435 nostra
743 402 788 435 ad
802 410 888 434 usus
902 399 1169 433 canonicorum
1180 400 1542 442 premonstratensis
1560 402 1702 435 ordinis
1713 402 1909 436 transierit

280 462 317 493 et
334 468 406 501 qua
421 459 466 491 de
484 468 596 492 causa
612 467 764 491 assensu
781 456 936 499 capituli
955 456 1073 488 nostri
1090 456 1144 489 eis
1158 456 1244 489 data
1261 456 1388 496 fuerit,
1409 458 1595 499 presentis
1611 457 1741 499 scripti
1756 457 1907 491 attesta-

283 517 389 548 cionc
408 513 658 545 notificamus.

325 570 415 601 Cum
431 569 468 601 in
481 568 612 600 diebus
626 567 762 599 nostris
777 566 929 608 quidam
943 565 1132 598 hereticus
1149 564 1402 598 Tanchclmus
1422 565 1572 599 nomine
1589 566 1626 598 in
1644 566 1813 608 partibus
1827 574 1909 598 nos-

282 624 349 655 tris
367 623 575 655 advenisset
591 623 628 654 et
643 630 829 655 venenoso
845 628 1017 653 sermone
1032 628 1054 652 a
1071 619 1143 652 fide
1161 620 1198 651 et
1215 628 1237 651 a
1264 621 1510 653 sacramentis
1543 620 1701 653 ecclesie
1728 619 1911 662 plurimos

281 678 491 715 avertisset,
511 677 578 709 hac
597 677 642 709 de
660 685 784 714 causa,
803 676 844 708 ut
861 675 928 707 illa
947 674 1102 712 heresis,
1124 682 1194 715 quc
1212 674 1447 715 provinciam
1467 675 1633 708 nostram
1651 674 1910 716 occupaverat,

281 732 448 764 funditus
463 731 764 772 extingueretur,
783 729 940 762 consilio
954 728 1080 761 domni
1101 727 1310 760 Burchardi
1333 729 1503 771 episcopi
1533 731 1570 762 et
1594 730 1713 762 tocius
1729 727 1858 771 populi
1875 728 1913 761 et

283 796 434 820 assensu
475 785 630 827 capituli
668 785 799 823 nostri,
833 785 1009 816 domnum
1051 783 1300 821 Norbertum‚
1335 783 1458 816 virum
1503 784 1640 816 nostris
1681 782 1913 825 temporibus

283 841 497 884 spectabilis
522 841 730 882 religionis,
761 839 937 872 accersiri
971 837 1198 876 curavimus,
1229 838 1339 879 cique
1365 839 1402 870 et
1429 838 1506 870 suis
1534 838 1715 871 fratribus
1741 836 1914 880 regulam

286 898 385 930 beati
399 896 599 939 Augustini
617 895 852 928 servantibus
869 901 1049 934 suamque
1069 893 1350 925 institucionem
1377 893 1648 933 exequentibus
1661 892 1914 934 supradictam

286 952 495 991 ecclesiam,
510 960 594 983 cum
612 949 766 992 capellis
780 950 817 981 in
832 949 913 990 ejus
932 948 1119 981 cimiterio
1135 948 1300 980 fundatis
1315 949 1352 980 et
1362 948 1481 979 tribus
1498 946 1696 980 curtilibus
1719 948 1757 980 et
1779 946 1913 988 jugero

287 1009 387 1040 terre
405 1007 525 1038 eidem
543 1003 729 1036 cimiterio
748 1002 1115 1043 adJacentibuS,cum
1133 1001 1296 1041 quatuor
1314 1000 1527 1042 prebendis,
1546 1009 1614 1042 per
1629 1008 1760 1032 manus
1776 1007 1914 1032 memo-

286 1062 357 1095 rati
376 1059 540 1102 episcopi
558 1057 798 1095 tradidimus,
819 1055 1154 1097 circumspectione
1170 1053 1305 1097 vigiles
1323 1054 1511 1096 digneque
1527 1054 1801 1096 perpendentes
1817 1053 1916 1094 quod

286 1125 415 1150 corum
433 1115 693 1156 saginaremur
711 1111 950 1144 oracionibus
968 1111 1079 1151 atque
1095 1109 1201 1142 bonis
1218 1108 1532 1151 spiritualibus,si
1545 1118 1609 1142 eos
1622 1108 1916 1142 sustentaremus

291 1170 482 1204 benefieiis
496 1166 777 1210 temporalibus.

332 1225 409 1257 Nos
437 1232 524 1256 vero
541 1222 646 1264 prius
666 1230 822 1254 numero
849 1220 1045 1253 duodecim
1073 1227 1270 1252 numerum
1287 1219 1455 1251 nostrum
1472 1218 1511 1251 in
1529 1219 1611 1251 octo
1635 1215 1918 1251 terminavimus

290 1279 490 1322 prebendis
513 1280 551 1310 et
573 1285 658 1309 cum
682 1275 741 1308 his
769 1277 807 1309 et
833 1275 1071 1317 prepositure
1100 1276 1235 1306 nostre
1261 1273 1481 1315 integritate
1517 1273 1563 1305 ad
1586 1271 1784 1306 ecclesiam
1809 1270 1918 1304 beate

291 1335 410 1368 Mario
425 1334 461 1366 in
477 1333 610 1365 eadem
628 1331 717 1364 villa
733 1330 994 1364 transtulimus
1013 1340 1022 1370 ς
1042 1330 1187 1361 ceteras
1206 1337 1296 1361 vero
1314 1329 1476 1369 quatuor
1491 1328 1701 1370 prebendas
1713 1334 1782 1369 per
1793 1325 1920 1358 omnia

291 1390 345 1424 eis
361 1387 608 1421 consimiliter
631 1387 901 1428 participantes
925 1384 1078 1426 proprio
1105 1384 1231 1416 nostro
1258 1383 1416 1416 arbitrio
1439 1383 1623 1422 dedimus,
1641 1382 1796 1424 excepto
1821 1379 1930 1422 quod¹

290 1443 430 1478 allodia
443 1443 481 1475 et
496 1442 695 1484 mancipia,
711 1449 784 1482 que
796 1449 916 1481 usque
933 1439 980 1472 ad
995 1439 1065 1471 1100
1082 1440 1253 1480 tempora
1265 1436 1425 1471 ecclesia
1441 1436 1508 1470 illa
1532 1436 1762 1479 possederat,
1789 1435 1828 1467 in
1841 1443 1921 1468 nos-

291 1498 370 1529 tros
394 1495 638 1538 singulariter
664 1503 752 1526 usus
777 1492 1072 1535 segregavimus.
1099 1490 1333 1532 Baptismum
1359 1498 1448 1522 vero
1473 1488 1710 1523 celeberrimi
1727 1488 1920 1531 temporis,

291 1550 468 1584 videlicet
494 1547 639 1582 Pasche
664 1548 701 1580 et
718 1547 976 1585 Pentecostes,
995 1545 1033 1577 in
1051 1544 1118 1577 illa
1143 1543 1304 1577 ecclesia
1321 1543 1600 1584 observabitur3
1624 1542 1772 1585 reliquo
1796 1542 1922 1575 autem

292 1605 461 1645 tempore
484 1599 734 1644 parochianus
762 1599 889 1631 noster
912 1595 1142 1639 baptizandis
1169 1595 1401 1637 providebit3
1429 1595 1599 1627 infirmos
1623 1596 1749 1630 autem
1764 1596 1919 1629 visitare

294 1659 332 1691 et
365 1656 642 1691 communicare
682 1653 843 1694 oleoque
873 1653 1072 1695 inungere,
1105 1650 1359 1683 confessiones
1387 1650 1530 1689 audire,
1562 1650 1729 1682 mortuos
1760 1648 1922 1692 sepelire

296 1711 468 1744 omnibus
484 1709 554 1742 hee
584 1709 629 1741 ab
655 1709 710 1742 eis
734 1708 978 1750 querentibus
1002 1705 1121 1739 libere
1145 1705 1395 1738 concedimus.
1420 1704 1472 1737 Ut
1495 1705 1619 1737 autem
1647 1705 1724 1736 tam
1750 1703 1922 1746 preclare

296 1764 558 1799 beneficientie
570 1763 677 1796 fedus
695 1762 920 1795 inviolatum
934 1762 1034 1794 inter
1050 1770 1116 1792 nos
1134 1761 1171 1793 et
1192 1760 1292 1801 ipsos
1311 1767 1459 1800 semper
1481 1759 1711 1801 permaneat,
1729 1757 1800 1791 hoc
1827 1758 1922 1791 diffi-

297 1821 416 1853 nitum
441 1821 509 1859 est,
538 1820 582 1852 ut
609 1817 872 1860 quodcumque
903 1825 1037 1849 munus
1066 1815 1236 1847 infirmus
1264 1814 1302 1847 et
1333 1813 1498 1846 moriens
1510 1812 1760 1855 parochianus
1784 1812 1862 1846 sive
1885 1812 1924 1845 in

296 1876 401 1908 terra
423 1874 501 1907 sive
525 1874 563 1906 in
581 1873 657 1906 alia
687 1873 897 1905 substantia
924 1871 1041 1904 cuivis
1073 1869 1232 1903 ecclesie
1268 1867 1468 1910 aliquando
1493 1867 1674 1911 optulerit
1700 1867 1764 1900 aut
1793 1875 1861 1909 pro
1885 1874 1926 1899 se

300 1929 428 1963 offerri
442 1929 660 1967 instituerit,
675 1937 744 1970 per
756 1927 921 1960 medium
934 1926 1133 1959 dividatur.
1149 1924 1255 1963 Quod
1268 1932 1357 1957 vero
1375 1923 1520 1956 alienus
1552 1932 1664 1956 sanus
1679 1921 1738 1956 vel
1755 1922 1926 1955 infirmus

300 1986 365 2018 aut
393 1983 665 2027 parrochianus
690 1982 890 2015 incolumis
922 1981 1079 2020 dederit,
1106 1979 1278 2019 00010513,
1305 1979 1365 2011 cui
1388 1977 1459 2011 hoc
1485 1978 1612 2011 datum
1629 1977 1757 2017 fuerit,
1786 1977 1928 2018 absque

300 2039 508 2083 particione
523 2038 724 2080 possideat.
748 2037 833 2078 Ipse
861 2045 949 2069 vero
974 2035 1144 2074 ecclesie,
1170 2033 1316 2067 seclusa
1340 2033 1378 2065 in
1402 2033 1562 2065 invicem
1595 2031 1696 2064 omni
1712 2031 1924 2070 exactione,

295 2099 406 2139 juges
420 2094 490 2126 sibi
523 2092 711 2125 debebunt
741 2093 908 2124 fraterne
937 2091 1111 2123 karitatis
1139 2089 1340 2127 orationes,
1366 2088 1406 2120 in
1439 2087 1610 2120 omnibus
1638 2085 1928 2120 necessitatibus

302 2157 384 2183 sese
401 2148 675 2190 supportantes.
691 2146 766 2179 Pro
784 2145 1145 2178 commemoracione
1169 2152 1256 2176 vero
1275 2151 1340 2175 sue
1365 2142 1552 2175 libertatis
1583 2142 1742 2183 utraque
1765 2139 1930 2174 exclesia

302 2203 491 2247 persolvet
525 2201 785 2236 Cameracensi
816 2199 958 2242 presuli
986 2208 1142 2232 aureum
1167 2207 1359 2231 nummum
1390 2197 1672 2239 Antwerpensis
1707 2196 1858 2229 monete
1890 2195 1930 2229 et

302 2259 480 2302 ponderis
495 2256 655 2300 singulis
668 2257 775 2288 annis
790 2256 828 2288 in
842 2256 938 2288 testo
952 2255 1071 2287 sancti
1085 2254 1197 2287 Luce.

348 2313 399 2346 Ut
415 2314 540 2346 autem
555 2311 625 2344 1100
648 2312 732 2343 rata
756 2311 794 2342 et
818 2308 1037 2342 inconvulsa
1060 2308 1317 2350 permaneant,
1344 2306 1462 2349 sigilli
1487 2306 1605 2339 nostri
1622 2305 1869 2348 impressione
1892 2304 1932 2337 et

305 2368 456 2400 testium
473 2366 754 2408 subscripcione
778 2365 841 2406 qui
858 2365 1112 2396 interfuerunt
1125 2364 1163 2396 et
1180 2362 1250 2396 hoc
1275 2363 1414 2394 donum
1431 2361 1627 2400 dederunt,
1637 2359 1809 2393 annotari
1826 2368 1930 2392 cura-

305 2423 439 2455 vimus.
463 2421 548 2464 Ego
573 2419 747 2453 Hidoli‘us
772 2419 984 2461 prepositus
1010 2428 1037 2450 5.
1065 2418 1205 2459 Marie3
1233 2416 1432 2450 Anselmus
1458 2415 1678 2458 canonicus3
1697 2414 1929 2448 Giselbertus

308 2478 451 2511 Porcus
463 2487 472 2518 ς
486 2475 711 2510 Raduardus
728 2474 950 2514 canonicus3
970 2472 1205 2506 Hildewinus
1222 2471 1506 2514 parrochianus.

349 2532 482 2565 Actum
498 2532 624 2564 autem
640 2531 696 2563 est
711 2529 782 2562 1100
800 2538 897 2562 anno
916 2527 1030 2561 Verbi
1048 2527 1234 2560 incarnati
1252 2526 1301 2559 M.
1323 2526 1362 2560 C.
1380 2524 1546 2559 XXIIII.
1565 2525 1641 2557 ind.
1660 2524 1698 2558 II
1715 2524 1836 2566 epact.
1854 2522 1926 2557 ΙΙΙ.

654 2606 711 2647 (P.
731 2603 904 2647 Genard)‚
931 2602 1188 2646 Verzameliny
1211 2602 1278 2636 der
1304 2601 1415 2645 Graf-
1432 2612 1479 2635 en
1504 2599 1843 2643 Gedenkschriften
1856 2608 1931 2633 van

697 2658 742 2694 de
759 2659 949 2704 provincie
968 2658 1203 2701 Antwerpen‚
1221 2657 1304 2691 deel
1322 2657 1386 2697 IV,
1403 2656 1471 2690 blz.
1490 2655 1629 2689 XXVI.

1019 2774 1051 2816 8
1083 2769 1207 2830 (29).

373 2906 493 2954 1139,
519 2901 654 2958 April
673 2907 716 2953 3,
741 2902 990 2945 Lateraan.
1018 2898 1258 2943 Uittreksel
1293 2897 1358 2941 uit
1394 2896 1447 2941 de
1487 2893 1696 2941 Oanones
1727 2908 1812 2938 van
1853 2894 1931 2939 het

313 2971 482 3016 tweede
506 2971 726 3026 algemeen
750 2969 937 3015 Concilie
957 2982 1043 3012 van
1061 2969 1290 3021 Lateraan,
1316 2967 1421 3011 door
1436 2980 1543 3024 paus
1575 2965 1853 3009 Innocentius
1887 2965 1929 3008 II
