2050 3470
835 244 973 279 ANNO
999 243 1080 278 1401
1705 241 1763 276 191

125 357 461 417 ongeschonden
483 356 606 401 heeft
625 355 870 409 bevonden,
898 369 1110 399 wanneer
1136 354 1214 398 het
1237 367 1289 410 op
1311 353 1369 398 26
1393 357 1620 412 Augustus
1646 355 1755 399 1401

123 429 168 472 in
201 429 253 472 de
274 426 675 473 St-Lebuinuskerk
697 429 741 469 te
764 428 983 470 Deventer
1015 424 1080 468 uit
1100 424 1152 467 de
1184 423 1360 467 handen
1392 435 1478 468 van
1515 424 1640 468 Melis
1673 437 1759 468 van

121 498 305 551 Assche,
349 497 550 555 priester,
577 495 697 539 werd
741 499 991 551 ontvangen
1034 494 1140 537 door
1180 494 1400 537 Lammert
1438 507 1520 537 van
1558 494 1761 548 Randen,

121 567 376 612 ambtenaar
397 580 481 609 van
506 565 587 608 den
612 564 892 608 aartsdiaken
917 563 1133 606 derzelfde
1156 562 1305 618 kerk).

163 643 205 677 In
224 643 374 676 nomine
392 642 543 675 Domini
560 651 680 675 amen.
709 642 785 674 Per
799 640 871 673 hoc
888 649 1068 682 praesens
1086 639 1279 681 publicum
1305 639 1597 672 instrumentum
1616 639 1760 671 cunctis

121 700 249 740 pateat
265 699 475 737 evidenter,
489 698 587 738 quod
603 707 669 729 nos
685 697 908 730 Lambertus
926 697 971 728 de
986 695 1158 734 Randen,
1175 694 1347 727 officialis
1361 695 1488 727 curiae
1503 694 1759 727 archidiaconi

120 753 301 786 ecclesiae
317 754 437 786 sancti
451 753 609 785 Lebuini
625 752 920 791 Davcntriensis,
936 751 1190 792 Trajectensis
1205 750 1399 790 dioecesis,
1416 751 1597 791 quasdam
1611 750 1758 783 litteras

119 809 317 842 reverendi
356 809 394 840 in
423 808 572 841 Christo
607 808 725 850 patris
754 817 796 840 ac
830 807 972 839 domini
1000 807 1120 838 nostri
1149 806 1291 838 domini
1324 806 1518 839 Frederici
1551 807 1596 839 de
1626 805 1758 838 Blanc-

118 863 309 903 kenheim,
328 864 398 896 Dei
426 863 545 905 gratia
564 863 732 904 episcopi
758 862 1025 904 Trajectensis,
1055 871 1164 894 sanas
1182 863 1219 894 et
1237 861 1419 903 integras,
1438 870 1511 893 non
1529 861 1757 894 cancellatas

118 928 187 952 nec
203 918 362 952 abolitas
379 927 448 951 nec
467 919 632 958 abrasas,
654 918 719 951 sed
739 918 839 950 omni
857 927 1010 959 prorsus
1035 917 1126 950 vitio
1152 918 1189 950 et
1212 917 1438 959 suspicione,
1462 918 1505 949 ut
1521 917 1644 959 prima
1659 917 1758 950 facie

118 974 305 1017 apparuit,
331 974 515 1012 carentes,
535 974 615 1015 eJ‘us
632 982 720 1007 vero
749 972 889 1015 sigillo,
913 973 1012 1014 quod
1036 974 1119 1006 erat
1143 973 1189 1006 de
1214 981 1300 1005 cera
1323 972 1454 1012 rubea,
1481 972 1665 1015 sigillatas
1690 981 1758 1014 per

117 1030 322 1063 discretum
339 1029 461 1062 virum
479 1029 670 1061 dominum
688 1028 870 1062 Amilium
887 1028 932 1061 de
949 1028 1104 1068 Assche,
1123 1029 1387 1070 presbyterum
1411 1028 1532 1061 dictae
1557 1028 1754 1067 dioecesis,

116 1085 348 1127 suscepimus
365 1085 665 1126 praesentatas...
681 1094 690 1126 ;
708 1093 868 1125 quorum
885 1084 994 1116 tenor
1011 1084 1056 1117 de
1073 1084 1187 1117 verbo
1214 1083 1261 1116 ad
1284 1083 1440 1116 verbum
1457 1084 1629 1125 sequitur
1645 1084 1683 1117 et
1699 1085 1756 1118 est

115 1139 201 1173 talis
220 1149 228 1172 ε

159 1195 384 1228 Fredericus
408 1195 453 1228 de
480 1194 775 1234 Blanckenhem,
803 1194 872 1227 Dei
897 1195 1022 1237 gratia
1050 1195 1247 1238 episcopus
1273 1195 1540 1237 Trajeetensis,
1567 1195 1753 1229 universis

114 1252 264 1284 nostrae
282 1251 496 1283 ordinariae
513 1250 688 1292 potestati
707 1251 928 1291 subjectis...
949 1249 1151 1283 salutem...

157 1306 314 1339 Noverit
338 1306 563 1339 universitas
588 1307 725 1345 vestra,
752 1306 850 1346 quod
876 1305 1060 1345 nonnulli,
1086 1306 1164 1339 zelo
1195 1306 1405 1339 devotionis
1436 1306 1529 1339 moti
1556 1307 1594 1339 et
1624 1315 1752 1340 amore

114 1361 231 1394 divini
258 1360 392 1401 cultus,
422 1370 536 1403 super
563 1362 661 1393 statu
695 1361 943 1402 quarumdam
971 1369 1218 1401 personarum
1248 1364 1399 1395 nostrae
1431 1361 1611 1395 dioecesis
1641 1372 1753 1396 sexus

112 1417 322 1458 utriusque,
341 1425 436 1457 quae
457 1416 604 1449 divisim
623 1416 694 1448 viri
712 1416 859 1448 divisim
877 1415 1057 1449 mulieres
1074 1416 1226 1449 insimul
1245 1417 1283 1449 in
1301 1418 1378 1449 suis
1396 1418 1567 1450 domibus
1585 1427 1752 1450 commo-

112 1473 257 1511 rantur,
276 1472 384 1505 nobis
401 1471 597 1504 humiliter
616 1472 906 1513 proposuerunt,
926 1471 1024 1513 quod
1041 1472 1278 1513 frequentius
1295 1472 1417 1505 dictae
1434 1481 1619 1515 personae
1636 1473 1750 1506 vitam

112 1536 218 1560 suam
246 1528 284 1560 et
315 1527 467 1560 modum
498 1527 647 1560 vivendi
675 1526 849 1569 plurimis
878 1527 969 1559 viris
995 1526 1174 1560 litteratis
1203 1529 1240 1560 et
1275 1527 1590 1570 intelligentibus,
1619 1537 1749 1562 sacrae

112 1581 330 1625 theologiae
354 1582 531 1615 videlicet
555 1584 593 1615 et
616 1581 745 1625 legum
770 1591 812 1615 ac
837 1583 1076 1616 decretorum
1101 1583 1317 1616 doctoribus
1334 1584 1371 1616 et
1388 1583 1592 1617 licentiatis
1609 1585 1748 1617 exami-

111 1637 273 1670 nandam
291 1639 329 1671 et
353 1638 624 1671 discutiendam
649 1638 687 1670 in
713 1638 862 1680 scriptis
887 1647 1000 1671 causa
1027 1637 1176 1670 consilii
1199 1638 1451 1680 tradiderunt,
1476 1640 1651 1680 quodque
1674 1640 1746 1681 ipsi

112 1701 241 1726 sacrae
264 1692 495 1735 theologiae,
521 1692 649 1736 legum
675 1694 712 1726 et
729 1694 968 1727 decretorum
987 1694 1159 1727 doctores
1176 1693 1271 1726 nihil
1296 1694 1335 1727 in
1361 1694 1419 1727 his
1443 1693 1632 1735 illicitum,
1651 1695 1746 1728 nihil

111 1747 247 1781 divinis
263 1748 461 1790 scripturis
480 1749 671 1782 dissonum
691 1757 755 1781 seu
774 1749 890 1782 sacris
908 1749 1112 1782 canonibus
1129 1750 1372 1791 reprobatum
1399 1750 1646 1792 invenientes,
1664 1751 1749 1793 post

111 1803 333 1846 diligentem
351 1804 669 1838 examinationem
694 1805 844 1846 scriptis
869 1805 907 1838 et
930 1805 1265 1846 approbationibus
1289 1814 1419 1838 eorum
1438 1805 1575 1849 sigillis
1592 1807 1747 1839 munitis

109 1860 365 1900 praefatarum
379 1868 626 1902 personarum
645 1859 797 1893 modum
813 1860 962 1893 vivendi
976 1859 1122 1893 licitum
1137 1862 1173 1893 et
1190 1860 1428 1894 meritorium
1447 1861 1719 1895 confirmabant
1735 1873 1743 1903 ς

107 1913 146 1947 in
163 1914 270 1956 cujus
287 1915 400 1948 etiam
424 1915 482 1948 rei
507 1915 764 1948 testimonium
790 1915 1008 1949 eorumdem
1033 1916 1229 1948 doctorum
1254 1915 1402 1949 litteras
1426 1916 1612 1959 sigillatas
1637 1918 1744 1950 nobis

104 1971 407 2011 praesentarunt.

147 2024 301 2067 Verum,
325 2026 413 2067 quia
438 2026 545 2059 nobis
570 2026 787 2069 specialiter
810 2026 994 2059 incumbit
1018 2035 1131 2069 super
1155 2026 1370 2069 huJusmodi
1395 2037 1642 2069 personarum
1669 2029 1744 2061 vita

104 2079 318 2122 disponere,
328 2082 408 2115 tum
426 2090 472 2114 ex
489 2082 713 2115 auctoritate
728 2083 856 2115 nostra
874 2082 1066 2115 ordinaria
1083 2083 1162 2115 tum
1180 2091 1227 2115 ex
1245 2083 1508 2116 commissione
1522 2083 1742 2126 apostolica,

104 2135 169 2177 qui
191 2144 305 2178 super
321 2145 365 2170 eo
383 2137 614 2180 suscepimus
637 2138 779 2171 domini
804 2138 978 2180 Gregorii
1003 2137 1093 2170 olim
1118 2147 1237 2180 papae
1262 2137 1317 2171 XI
1342 2137 1545 2180 specialem
1571 2139 1741 2172 commis-

104 2190 273 2233 sionem3
298 2191 371 2234 ipsi
394 2201 462 2234 pro
486 2194 594 2234 parte
623 2193 808 2226 dictarum
832 2201 1080 2234 personarum
1105 2193 1213 2226 nobis
1241 2192 1438 2226 humiliter
1466 2193 1740 2236 supplicabant,

104 2246 289 2288 quatenus
305 2247 420 2280 etiam
438 2257 505 2280 nos
522 2248 561 2280 in
578 2250 822 2291 augmentum
849 2247 972 2281 cultus
998 2249 1127 2289 divini,
1154 2249 1192 2281 in
1216 2249 1398 2289 favorem,
1424 2258 1555 2292 pacem
1580 2250 1617 2283 et
1634 2251 1740 2283 tran-

104 2300 331 2343 quillitatem
345 2303 530 2336 dictarum
547 2313 794 2346 personarum
812 2304 981 2337 nostrum
996 2304 1241 2347 dignaremur
1258 2303 1438 2337 adhibere
1457 2314 1679 2338 consensum
1697 2314 1740 2338 ac

103 2357 231 2397 etiam,
250 2358 283 2390 si
298 2367 372 2400 qua
389 2368 482 2401 opus
500 2361 611 2400 esset,
629 2359 845 2402 praedictae
863 2360 1099 2393 auctoritatis
1127 2361 1165 2393 et
1193 2360 1467 2393 commissionis
1487 2360 1679 2394 licentiam
1702 2362 1740 2395 et

103 2412 414 2455 approbationem
431 2414 630 2456 impertiri.

146 2467 225 2501 Nos
241 2477 330 2502 vero
347 2468 459 2511 hujus
477 2470 578 2502 modi
595 2470 769 2512 petitioni
786 2470 916 2513 utpote
941 2470 1158 2504 rationabili
1184 2472 1393 2504 annuentes
1418 2472 1456 2505 et
1481 2471 1737 2513 subjectorum

103 2523 319 2557 nostrorum
352 2525 542 2558 devotioni
573 2526 709 2559 merito
742 2526 1034 2569 congaudentes,
1067 2527 1249 2568 praefatis
1287 2527 1460 2568 personis
1498 2527 1660 2560 ubilibet
1698 2527 1735 2560 in

103 2578 265 2612 dioecesi
281 2581 410 2613 nostra
426 2581 640 2613 constitutis
657 2590 723 2614 seu
740 2581 957 2622 insimul,ut
974 2582 1244 2624 praemittitur,
1263 2581 1737 2624 habitantibus,praedicta

103 2634 329 2668 auctoritate
346 2637 475 2669 nostra
492 2636 685 2669 ordinaria
700 2636 810 2670 simul
829 2638 867 2670 et
883 2636 1089 2679 apostolica
1106 2637 1212 2669 nobis
1238 2637 1275 2669 in
1298 2637 1369 2670 hac
1392 2639 1499 2679 parte
1525 2639 1734 2678 commissa,

104 2689 237 2722 damus
253 2691 290 2723 et
303 2691 554 2731 concedimus,
570 2691 601 2724 si
619 2701 691 2733 qua
709 2691 782 2725 alia
800 2702 892 2735 opus
905 2692 1022 2725 fuerit
1035 2693 1187 2734 praeter
1205 2692 1352 2725 divinae
1366 2692 1463 2736 legis
1478 2694 1516 2726 et
1530 2694 1626 2735 Juris
1639 2703 1735 2727 com-

102 2745 239 2785 munis,
268 2744 460 2779 licentiam
488 2748 526 2780 et
554 2747 864 2789 approbationem
891 2747 1107 2790 specialem,
1136 2746 1375 2781 licentiantes
1404 2749 1441 2781 et
1473 2749 1734 2789 concedentes,

102 2799 201 2841 quod
214 2800 317 2843 ipsae
330 2802 523 2843 praefatae
537 2803 949 2844 personae,secundum
961 2803 1060 2845 quod
1072 2802 1222 2836 litterae
1237 2802 1474 2836 dominorum
1488 2805 1525 2837 et
1538 2804 1735 2837 doctorum

101 2855 208 2888 nobis
232 2858 494 2897 praesentatae
511 2858 767 2898 continebant,
793 2859 938 2900 possint
956 2857 1067 2891 simul
1085 2857 1212 2900 plures
1238 2859 1275 2891 in
1301 2859 1432 2892 eadem
1450 2860 1559 2892 domo
1587 2859 1736 2893 cohabi-

100 2909 194 2950 tare,
209 2911 250 2943 ut
267 2912 436 2945 securius
454 2913 533 2946 Deo
548 2913 713 2946 serviant
725 2915 763 2946 et
776 2913 1008 2946 commodius
1025 2914 1162 2954 vivant,
1179 2913 1290 2947 simul
1306 2914 1503 2949 comedere
1517 2916 1555 2948 et
1567 2915 1733 2958 propria,

100 2965 132 2998 si
148 2974 222 3007 qua
236 2965 387 3008 habent,
407 2969 445 3002 et
461 2977 557 3010 quae
574 2968 620 3002 de
637 2967 831 3002 laboribus
848 2969 1061 3012 acquirunt,
1080 2969 1126 3003 ad
1144 2969 1305 3004 invicem
1322 2968 1442 3005 libere
1457 2971 1736 3005 communicare
