2050 3470
840 249 978 284 ANNO
1005 248 1090 281 1418
1718 249 1785 283 213

182 379 195 397 α
216 367 328 409 Item,
341 365 441 407 quod
459 374 532 398 non
552 364 743 404 credebat,
763 362 863 404 quod
880 362 1054 404 religiosi
1071 360 1210 403 prefati
1228 369 1343 403 super
1360 361 1624 403 deportatione
1648 363 1784 397 feretri

135 432 221 456 cum
235 421 388 461 ceteris,
407 430 479 462 que
496 421 549 452 ibi
568 420 675 459 fiunt,
695 419 942 452 obtinuerunt
959 418 1099 458 aliqua,
1118 416 1293 458 quodque
1310 416 1382 449 hoc
1398 417 1543 450 faciunt
1560 418 1729 453 indebite
1746 420 1786 452 et

135 479 290 519 injuste,
319 476 501 519 populum
525 475 754 509 seducendo.
780 474 845 507 Est
877 473 1084 506 sediciosus
1109 475 1147 506 et
1170 473 1376 514 inJuriosus
1401 474 1437 506 et
1462 474 1611 515 piarum
1635 475 1784 508 aurium

137 534 359 567 offensiuus.

182 602 195 619 ι
215 589 327 630 Item,
346 587 446 629 quod
465 596 539 619 non
558 586 739 619 credebat
756 587 838 618 sore
856 594 1001 624 verum,
1021 586 1120 626 quod
1138 583 1304 617 habeant
1321 584 1377 616 illi
1395 584 1568 628 religiosi
1586 586 1784 629 indulgen-

105 660 107 662 *
136 646 208 678 tias
225 654 247 678 a
263 653 361 686 papa
377 653 446 685 pro
462 642 584 675 dando
603 642 746 682 aliquid
765 642 875 674 beato
891 640 1097 681 Anthonio‚
1118 640 1264 682 num-ijs
1282 641 1363 673 eius
1382 650 1445 673 5011
1465 642 1590 682 porcis
1603 643 1787 683 portanti-

136 701 205 733 bus
229 698 493 741 campanulam
519 698 620 731 beati
644 697 851 738 Anthonij3
878 696 1016 729 addens
1041 697 1140 737 quod
1166 705 1371 736 numquam
1400 696 1536 738 aliquis
1561 707 1659 739 papa
1683 699 1788 731 dedit

135 755 416 799 indulgentiam
455 763 524 796 pro
565 754 687 787 dando
729 753 869 786 victum
910 752 1078 785 animali.
1123 752 1190 785 Est
1228 752 1436 794 injuriosus
1476 754 1513 785 et
1552 754 1788 787 audientium

134 812 349 846 infectivus.

182 881 198 898 α
211 868 321 907 Item,
332 866 432 908 quod
443 865 538 899 tales
551 865 725 908 religiosi
740 865 778 897 et
796 864 920 906 nuncij
937 864 1105 906 ipsorum
1120 863 1333 897 intulerunt
1346 863 1523 897 timorem
1534 864 1788 907 audientibus,

137 925 175 958 et
199 923 402 966 presertim
416 923 454 954 in
471 921 653 964 villagiis,
673 921 772 962 quod
791 926 942 953 sanctus
960 920 1174 953 Anthonius
1191 919 1380 952 comburit
1397 928 1474 960 005,
1493 920 1531 953 01
1547 920 1632 953 ideo
1650 920 1789 954 timore

137 979 349 1022 perterriti,
365 978 396 1010 si
411 987 485 1010 non
500 977 685 1009 haberent
704 977 775 1008 nisi
794 985 909 1008 vnum
926 975 1138 1015 denarium,
1158 976 1292 1009 darent
1309 975 1496 1009 eumdem.
1511 975 1579 1009 Est
1595 976 1787 1009 scandalo-

139 1046 202 1069 sus
219 1036 257 1068 et
275 1035 424 1076 piarum
443 1033 591 1066 aurium
606 1032 824 1064 offensiuus.

181 1105 195 1122 ι
216 1090 346 1131 Vltimj
367 1090 530 1130 quatuor
547 1088 699 1121 articuli
717 1087 831 1120 michi
851 1088 1099 1129 imponuntur
1116 1088 1297 1128 tanquam
1314 1087 1503 1129 injuriosi,
1520 1087 1733 1121 scandalosi
1750 1091 1789 1123 et

137 1146 313 1180 sediciosi
339 1155 348 1186 3
379 1145 425 1178 de
457 1144 593 1186 quibus
629 1153 711 1176 sum
744 1145 782 1176 01
816 1143 871 1176 fui
905 1143 1120 1175 diffamatus
1155 1144 1193 1175 et
1225 1143 1299 1176 fide
1336 1143 1539 1186 dignorum
1571 1144 1789 1178 testimonio

137 1203 345 1242 conuictus,
364 1201 542 1234 videlicet
557 1211 564 1232 :

184 1271 197 1288 ι
215 1258 323 1297 Quod
336 1258 494 1300 propter
507 1256 723 1290 huiusmodi
738 1256 1019 1298 predicationcs
1033 1264 1148 1294 meas,
1161 1255 1343 1297 populum
1357 1255 1523 1288 ciuitatis
1538 1255 1790 1290 Tornacensis

137 1314 326 1348 concitaui
343 1314 477 1346 contra
493 1313 651 1354 clerum,
666 1312 759 1345 adeo
775 1311 875 1352 quod
889 1311 1014 1344 clerus
1032 1311 1104 1343 11111
1121 1311 1159 1343 111
1177 1311 1361 1352 periculo.

184 1383 198 1400 «
216 1370 327 1409 Item,
346 1369 446 1410 quod
459 1370 617 1410 propter
633 1367 850 1400 huiusmodi
863 1367 1146 1409 predicationes
1160 1366 1282 1399 adhuc
1300 1367 1424 1400 clerus
1438 1367 1521 1400 istis
1535 1367 1667 1401 diebus
1681 1369 1738 1402 est
1750 1369 1790 1402 in

139 1426 399 1469 opprobrium,
415 1425 582 1458 derisum
599 1426 637 1457 et
655 1424 783 1456 odium
800 1423 947 1465 populi.

184 1495 201 1512 α
215 1482 325 1522 Ι10111,
344 1481 444 1523 quod
458 1481 615 1523 propter
632 1479 850 1512 huiusmodi
867 1478 1149 1521 predicationes
1167 1480 1204 1511 et
1222 1479 1485 1512 turbacionem
1502 1479 1591 1512 inde
1608 1481 1789 1523 secutam,

138 1538 195 1571 illi
215 1538 261 1571 de
278 1537 381 1570 clero
400 1546 474 1569 non
500 1536 690 1569 audebant
715 1535 837 1568 facere
864 1535 1126 1576 processiones
1151 1534 1353 1577 generales
1379 1544 1447 1576 pro
1474 1535 1635 1569 eeclesia
1660 1537 1698 1569 et
1721 1545 1789 1578 pro

138 1603 230 1637 rege
243 1594 401 1635 propter
417 1593 572 1631 metum,
592 1592 656 1632 qui
674 1591 810 1624 merito
826 1592 950 1632 potest
965 1590 1101 1623 cadere
1119 1591 1157 1622 in
1174 1592 1410 1623 constantem
1424 1591 1558 1623 virum.

184 1663 198 1679 ι
229 1649 340 1689 Item,
374 1648 474 1690 quod
510 1648 668 1689 propter
702 1647 920 1679 huiusmodi
948 1646 1229 1688 predicationes
1258 1647 1420 1689 populus
1452 1649 1640 1680 retractus
1669 1648 1727 1680 est
1754 1648 1793 1680 et

138 1706 318 1739 continue
331 1703 543 1737 retrahitur
560 1712 582 1736 a
599 1703 816 1742 deuotione,
836 1703 1144 1743 frequentatione
1163 1703 1201 1735 et
1218 1703 1435 1736 obedientia
1452 1713 1605 1736 suarum
1616 1702 1793 1736 ecclesia·

138 1771 224 1795 rum
236 1759 535 1803 parrochialium
553 1760 590 1792 et
603 1768 625 1791 a
639 1759 859 1800 receptione
877 1760 1216 1791 sacramentorum.

185 1829 201 1846 «
217 1816 348 1850 Sciens
361 1825 421 1848 me
445 1823 593 1848 errasse
611 1815 649 1847 et
666 1814 871 1855 deliquisse
896 1814 935 1846 in
960 1813 1038 1846 illis
1063 1824 1176 1855 quam
1206 1814 1429 1856 plurimum,
1457 1824 1522 1848 ore
1547 1815 1731 1849 confiteor
1755 1816 1794 1849 et

138 1872 251 1907 corde
266 1872 429 1904 firmiter
446 1871 572 1911 credo,
593 1879 722 1903 omnes
737 1869 919 1903 articulos
934 1871 1225 1912 suprascriptos,
1245 1879 1331 1903 eum
1348 1871 1665 1905 determinatione
1680 1871 1793 1905 huius

138 1928 237 1962 sacri
255 1927 402 1969 concilij
422 1926 724 1960 Constantiensis
741 1925 888 1967 aliquos
907 1935 982 1957 non
997 1935 1079 1958 esse
1099 1925 1319 1966 catholicos,
1335 1926 1400 1959 sed
1418 1936 1487 1960 nec
1502 1927 1649 1968 aliquos
1667 1937 1713 1961 ex
1738 1928 1794 1961 eis

139 1994 220 2018 esse
238 1982 558 2026 dogmatizandos.
579 1982 627 2015 Et
640 1982 796 2023 insuper
810 1982 932 2014 libera
945 1983 1084 2021 mente,
1101 1981 1206 2014 nullo
1221 1984 1381 2025 cogente
1397 1984 1459 2015 aut
1476 1983 1709 2024 impellente,
1721 1982 1793 2016 1100

141 2040 297 2082 proprio
326 2048 411 2072 meo
437 2039 592 2080 scripto,
619 2047 748 2070 coram
771 2037 1102 2070 reuerendissimis
1127 2038 1166 2070 in
1192 2037 1340 2070 Christo
1370 2039 1542 2080 patribus
1569 2040 1608 2072 et
1632 2039 1794 2071 dominis

140 2095 380 2138 patriarchis,
394 2093 704 2136 archiepiscopis,
717 2093 919 2135 episcopis,
932 2093 1144 2133 3003110115,
1157 2102 1361 2135 coramque
1375 2095 1593 2127 doctoribus
1607 2095 1793 2137 011113315-

139 2152 209 2184 tris
225 2151 417 2184 variarum
436 2150 661 2183 facultatum
681 2149 922 2190 doctissimis,
942 2150 1154 2190 ceterisque
1181 2150 1342 2182 dominis
1367 2159 1603 2191 quorumque
1629 2151 1795 2183 statuum

140 2208 205 2241 aut
218 2207 406 2250 graduum
425 2205 587 2248 singulis
605 2207 643 2238 et
659 2205 848 2238 vniuersis
866 2204 978 2238 huius
1002 2215 1109 2238 sacre
1135 2206 1451 2248 congregacionis
1475 2206 1672 2247 profiteor,
1695 2206 1795 2247 quod

140 2264 197 2296 sto
222 2264 261 2296 et
285 2271 435 2304 semper
459 2262 615 2304 paratus
645 2270 727 2293 sum
754 2262 854 2294 stare
881 2261 1043 2294 firmiter
1067 2262 1103 2294 et
1131 2261 1294 2294 fideliter
1328 2271 1413 2294 cum
1439 2262 1569 2295 sancta
1592 2261 1793 2302 catholica=

139 2318 348 2360 apostolica
365 2319 403 2350 et
419 2318 594 2350 Romana
610 2316 785 2358 ecelesia,
812 2317 928 2350 etiam
953 2318 993 2349 in
1020 2317 1402 2350 determinationibus
1428 2319 1465 2350 et
1491 2317 1793 2350 ordinationibus

140 2375 235 2416 01115,
252 2375 433 2414 tanquam
450 2381 535 2405 cum
549 2374 670 2404 matre
687 2381 772 2405 mea
789 2373 901 2413 atque
923 2373 1091 2405 omnium
1113 2372 1252 2405 Christi
1271 2372 1454 2412 fidelium,
1472 2373 1609 2405 nedum
1623 2373 1793 2406 decreto-

139 2439 238 2470 rum,
248 2429 313 2462 sed
327 2436 364 2462 01
377 2427 702 2461 decernendorum
715 2437 806 2461 vera
820 2428 1005 2471 magistra
1020 2439 1028 2469 3
1045 2429 1105 2462 cui
1123 2437 1275 2461 sensum
1292 2437 1418 2461 meum
1433 2438 1508 2460 11011
1523 2437 1711 2469 coequans
1728 2437 1795 2462 seu

140 2487 351 2530 11101οΓ0115,
372 2484 437 2517 sed
454 2484 681 2517 reuerenter
705 2483 910 2523 subicienS‚
930 2493 1030 2516 nunc
1055 2486 1093 2516 et
1118 2492 1267 2526 semper
1291 2482 1490 2516 humiliter
1514 2483 1649 2516 obedio
1683 2486 1795 2525 atque

141 2549 291 2583 semper
304 2541 458 2575 obedire
472 2542 627 2582 paratus
644 2549 740 2581 sum,
755 2541 868 2582 prout
882 2540 1006 2573 fidelis
1021 2540 1132 2579 filius,
1147 2541 1210 2581 qui
1224 2542 1378 2573 tenetur
1391 2540 1556 2573 fideliter
1569 2550 1637 2582 pro
1651 2541 1796 2573 viribus

141 2606 207 2630 sue
220 2597 486 2630 honestissime
500 2596 631 2629 matris
645 2596 743 2628 tueri
753 2595 949 2635 honorem,
959 2596 1117 2629 vbilibet
1130 2596 1283 2629 fortiter
1294 2596 1331 2628 et
1345 2597 1563 2629 constanter
1576 2596 1794 2629 defendere.

141 2653 189 2686 Et
203 2654 482 2694 consequenter
499 2652 631 2685 eadem
650 2651 829 2684 libertate
846 2652 1032 2693 profiteor
1047 2661 1136 2685 vere
1153 2654 1267 2693 atque
1292 2652 1472 2693 veridice,
1491 2652 1591 2693 quod
1615 2661 1700 2684 cum
1725 2650 1797 2684 hoc

141 2717 248 2742 sacro
264 2708 544 2742 Constantiensi
559 2707 733 2750 generali
749 2708 909 2740 concilio
927 2708 1182 2740 vniuersalem
1201 2708 1270 2740 Dei
1289 2707 1488 2740 ecclesiam
1508 2708 1798 2750 representante

141 2766 198 2797 sto
223 2768 258 2798 et
282 2765 388 2798 stabo
407 2769 445 2797 et
461 2773 612 2806 semper
629 2765 731 2796 stare
748 2764 903 2806 paratus
918 2773 999 2796 sum
1019 2763 1184 2797 fideliter
1197 2764 1235 2796 et
1248 2763 1424 2804 firmiter,
1439 2772 1554 2806 super
1570 2763 1795 2797 determina-

141 2819 308 2852 tionibus
333 2821 371 2853 et
395 2819 699 2853 ordinationibus
720 2820 802 2852 eius
831 2822 869 2852 et
892 2820 1095 2862 presertim
1121 2820 1158 2852 in
1183 2819 1261 2852 illis
1283 2828 1355 2861 que
1380 2820 1426 2853 ad
1452 2819 1562 2853 fidem
1589 2819 1795 2862 pertinent,

142 2876 243 2908 ratas
262 2876 401 2909 nedum
419 2877 579 2909 credens
597 2884 660 2908 eas
680 2876 745 2908 aut
762 2876 960 2917 profitens,
980 2875 1044 2908 sed
1063 2876 1282 2908 constanter
1306 2876 1480 2909 tenturus
1503 2877 1540 2909 et
1556 2877 1797 2918 professurus

142 2941 258 2974 super
273 2931 616 2974 condempnatione
637 2930 724 2964 .x1v.
744 2931 995 2964 articulorum
1021 2931 1209 2964 Johannis
1230 2931 1373 2964 Wiclef
1389 2932 1436 2965 de
1452 2930 1604 2975 Anglia,
1622 2933 1660 2965 et
1678 2932 1795 2973 xxxj.

143 2986 393 3022 articulorum
422 2987 446 3021 J
450 2986 610 3021 ohannis
640 2987 767 3021 Huuss
798 2986 845 3019 de
878 2986 1078 3028 Bohemia,
1109 2995 1194 3019 cum
1223 2987 1362 3029 quibus
1394 2986 1512 3030 aliqui
1541 2996 1587 3020 ex
1615 2986 1797 3031 predictis
