2050 3470
284 303 348 335 222
971 295 1109 329 ANNO
1134 294 1219 327 1418

939 460 1036 504 135
1070 453 1243 519 (254⁵).

347 605 465 651 1418,
503 600 637 656 April
667 602 709 651 3,
749 598 989 642 Constans.
1046 595 1393 651 Veroordeeling
1435 609 1517 639 van
1559 595 1782 639 Grabow’s
1813 611 1918 640 aan-

282 673 433 715 klacht
455 670 561 712 door
591 668 817 711 Johannes
849 666 901 708 de
938 665 1126 716 Gers0n‚
1166 665 1389 707 kanselier
1413 665 1489 707 der
1511 665 1810 721 Hoogeschool
1833 679 1917 709 van

284 740 440 796 Parijs.
462 761 514 767 —
538 735 708 780 Vooraf
723 736 846 778 komt
875 748 952 776 een
981 732 1134 790 briefije
1168 747 1249 776 van
1286 734 1341 777 13
1372 733 1494 788 April
1534 734 1647 778 1418
1683 734 1789 777 door
1820 734 1918 777 hem

284 808 552 866 geschreven
586 819 668 849 aan
712 803 946 855 Antonius,
988 803 1213 846 kardinaal
1257 816 1342 845 van
1381 803 1573 855 Verona,
1616 817 1685 846 om
1709 803 1808 846 hem
1831 802 1918 860 ziJn

283 877 510 921 antwoord
534 879 578 918 te
601 873 783 925 zenden,
809 873 883 915 dat
907 876 993 915 met
1027 872 1103 914 het
1129 871 1303 914 oordeel
1336 886 1418 914 van
1454 872 1597 929 zijnen
1638 872 1918 915 leermeester

283 947 367 990 den
395 944 626 988 kardinaal
646 957 730 985 van
763 941 988 997 Kamerijk
1012 943 1355 984 overeenstemt.
1395 941 1485 983 Dan
1511 941 1631 997 volgt
1655 941 1707 984 de
1729 941 1920 984 verban-

283 1016 431 1071 deling
450 1028 533 1057 van
558 1014 742 1063 Gerson,
775 1011 941 1053 waarin
962 1010 1020 1066 hij
1043 1009 1094 1052 de
1118 1009 1352 1065 stellingen
1375 1023 1459 1052 van
1477 1008 1667 1052 Grabow
1684 1008 1920 1053 breedvoe-

284 1085 352 1140 rig
374 1081 604 1138 bespreekt
638 1095 691 1123 en
725 1079 1024 1130 veroordeeld‚
1051 1078 1158 1120 door
1181 1078 1269 1121 zelf
1287 1092 1357 1121 zes
1381 1078 1616 1134 stellingen
1663 1078 1833 1122 vooruit
1876 1081 1922 1121 te

283 1157 428 1196 zetten
453 1165 505 1194 en
530 1164 578 1194 er
595 1150 647 1192 de
665 1148 1089 1205 gevolgtrekkingen
1115 1161 1198 1190 van
1217 1146 1265 1189 af
1282 1150 1325 1190 te
1349 1147 1506 1189 leiden.
1522 1147 1714 1190 Broeder
1731 1145 1920 1190 Grabow

284 1236 338 1265 en
361 1222 473 1279 zijne
494 1219 773 1274 aanhangers
794 1221 965 1260 moeten
989 1216 1207 1273 gekastijd
1239 1216 1436 1268 worden,
1475 1216 1619 1259 indien
1643 1216 1697 1273 zij
1724 1216 1816 1259 zich
1839 1230 1921 1258 aan

284 1292 433 1334 hunne
477 1287 807 1342 veroordeeling
850 1287 940 1329 niet
985 1285 1301 1341 onderwerpen
1328 1285 1494 1328 willen.
1530 1285 1726 1340 (Dertien
1751 1299 1837 1328 van
1871 1284 1923 1327 de

285 1362 480 1416 grootste
504 1356 821 1413 godgeleerden
846 1369 929 1398 van
955 1355 1032 1398 het
1054 1355 1242 1398 Concilie
1258 1354 1416 1397 traden
1439 1354 1501 1397 dit
1524 1354 1698 1397 oordeel
1717 1353 1807 1411 bij).

328 1452 516 1495 Incipiunt
526 1450 796 1494 propositiones
820 1447 1041 1482 venerabilis
1060 1446 1277 1490 cancellarij
1299 1448 1528 1481 parisiensis
1554 1446 1741 1481 Johanm‘s
1763 1445 1809 1480 de
1835 1445 1923 1481 Ger-

286 1518 353 1541 son
369 1516 480 1550 super
496 1504 760 1540 assertionibus
783 1505 913 1549 framis
937 1502 1093 1537 Matclzei
1112 1502 1276 1543 Grabon,
1307 1503 1450 1535 ordinis
1466 1504 1748 1544 predicatorum
1777 1503 1816 1535 in
1841 1512 1927 1535 con-

287 1563 375 1595 cilio
409 1560 686 1594 Constantiensi
711 1560 750 1592 in
777 1568 891 1592 causa
919 1558 1007 1591 fidei
1035 1558 1081 1591 de
1110 1567 1200 1591 vera
1227 1557 1415 1600 religione
1444 1558 1481 1590 et
1503 1558 1751 1599 perfectione,
1788 1557 1924 1599 quibus

285 1616 608 1660 propositionibus
630 1615 815 1648 tredecim
831 1614 1005 1646 doctores
1030 1613 1206 1653 maiores,
1235 1623 1327 1654 quos
1351 1622 1420 1655 pro
1444 1614 1533 1645 tunc
1556 1613 1718 1645 mundus
1734 1611 1867 1645 habuit
1882 1612 1922 1644 in

285 1670 483 1712 theologia
500 1669 545 1701 de
563 1668 725 1700 diuersis
742 1667 1056 1699 uniuersitatibus
1073 1667 1206 1699 contra
1224 1665 1412 1707 predictas
1437 1665 1664 1699 assertiones
1681 1666 1922 1700 adheserunt.

330 1723 665 1759 Reuerendissimo
685 1723 724 1755 in
739 1722 886 1755 Christo
902 1722 1001 1764 patri
1019 1731 1062 1754 ac
1078 1721 1229 1753 domino
1250 1721 1550 1763 prestantissimo
1569 1721 1720 1754 domino
1745 1723 1922 1764 Antonio,

287 1779 470 1813 cardinali
486 1778 711 1818 Veronensi,
729 1778 751 1811 J
756 1777 937 1817 ohannes,
956 1776 1205 1810 cancellarius
1223 1777 1463 1816 Parisiensis,
1493 1776 1689 1810 humiliter
1713 1777 1879 1811 obedire.

331 1834 665 1868 Reuerendissime
693 1834 812 1875 pater,
851 1842 964 1874 super
1002 1831 1157 1865 scedula
1194 1841 1262 1874 per
1301 1832 1658 1864 reuerendissimam
1695 1833 1925 1875 paternitam

286 1892 450 1924 vestram
467 1899 511 1922 ex
526 1889 789 1922 commissione
807 1889 948 1921 domini
962 1888 1081 1920 nostri
1098 1887 1191 1919 mihi
1204 1887 1425 1920 transmissa
1440 1888 1649 1929 respondeo
1678 1888 1925 1921 conformiter

287 1947 333 1980 ad
350 1946 635 1988 responsionem
662 1943 973 1977 reuerendissimi
1000 1944 1118 1985 patris
1147 1953 1189 1976 ac
1214 1943 1356 1975 domini
1383 1943 1458 1976 mei
1485 1952 1528 1976 ac
1556 1943 1790 1985 preceptoris
1804 1944 1924 1985 preci·

287 2002 352 2044 pui
370 2001 511 2034 domini
529 1999 732 2033 cardinalis
758 1999 1052 2038 Cameracensis,
1081 2008 1193 2040 quam
1210 1999 1494 2040 responsionem
1517 1999 1557 2031 in
1581 1998 1728 2041 scriptis
1744 2007 1816 2041 ego
1832 1999 1922 2039 vidi,

288 2059 326 2089 et
342 2056 430 2088 huic
447 2055 625 2094 adhereo‚
644 2056 811 2097 paratus,
829 2054 861 2086 si
875 2063 967 2095 opus
986 2053 1115 2093 fuerit,
1141 2053 1186 2086 ad
1212 2051 1507 2086 declarationem
1535 2062 1609 2085 non
1632 2053 1833 2092 veriorem,
1858 2053 1923 2086 sed

287 2112 386 2143 forte
404 2111 591 2144 latiorem.

333 2165 523 2207 Scriptum
550 2165 782 2205 Constantie,
807 2164 963 2206 propria
979 2172 1104 2204 manu,
1126 2163 1187 2196 die
1211 2163 1332 2196 tercia
1354 2162 1496 2205 Aprilis
1520 2164 1608 2196 anni
1625 2162 1818 2197 millesimi
1835 2172 1923 2204 qua·

289 2219 575 2262 dringentesimi
600 2220 735 2253 decimi
760 2219 897 2252 octaui.

330 2275 388 2308 Ad
420 2274 713 2309 elucidationem
748 2274 920 2308 veritatis
945 2275 982 2307 et
1010 2274 1055 2307 ad
1085 2274 1301 2307 obedientie
1330 2274 1509 2306 meritum
1546 2283 1611 2307 sex
1646 2273 1924 2316 propositiones

288 2331 486 2370 soquentes
526 2339 609 2362 cum
648 2330 806 2363 totidem
833 2328 1044 2370 corollarijs
1077 2329 1288 2361 offeruntur
1319 2329 1437 2370 vobis,
1478 2329 1797 2362 reuerendissimo
1820 2330 1923 2371 patri

289 2385 441 2418 domino
466 2384 650 2418 cardinali
667 2385 889 2424 Veronensi,
907 2384 1022 2416 iudici
1040 2384 1078 2416 in
1095 2384 1165 2417 hac
1189 2384 1309 2425 parte,
1335 2393 1404 2425 per
1419 2393 1479 2417 me
1495 2383 1518 2417 J
1522 2383 1722 2425 ohannem,
1741 2383 1924 2418 cancella-

289 2439 387 2471 rium
405 2439 673 2472 Parisiensem.

334 2494 464 2527 Prima
479 2496 703 2536 propositio.
722 2495 809 2529 Sola
826 2496 964 2539 religio
978 2496 1184 2529 christiana
1201 2497 1257 2529 est
1278 2497 1446 2538 proprie,
1463 2505 1551 2529 vere
1565 2497 1602 2529 et
1620 2496 1923 2530 anthonomatice

290 2548 448 2581 dicenda
471 2549 624 2592 religio,
651 2560 763 2591 quam
792 2551 962 2585 Christus
995 2552 1214 2585 Obseruauit
1246 2552 1524 2593 perfectissimo
1553 2553 1591 2584 et
1622 2561 1767 2584 summo
1797 2552 1921 2584 modo.

290 2603 402 2636 Patet
415 2604 537 2645 prima
553 2614 654 2646 pars,
681 2606 771 2647 quia
789 2608 898 2639 extra
915 2606 1142 2649 religionem
1160 2607 1405 2640 christianam
1422 2616 1496 2641 non
1513 2608 1570 2640 est
1583 2606 1697 2639 salus.
1715 2606 1923 2640 Secundam

290 2659 437 2700 partem
466 2659 592 2692 nullus
620 2662 744 2701 potest
772 2671 914 2704 negare
941 2662 1182 2703 christianus,
1201 2663 1289 2703 quia
1305 2662 1402 2694 sicut
1430 2670 1514 2694 eam
1533 2662 1661 2695 docuit
1689 2661 1858 2695 Christus
1884 2662 1923 2694 in

290 2714 512 2757 Evangelio,
527 2716 580 2748 sic
599 2717 637 2748 et
651 2717 754 2756 fecit,
771 2718 859 2758 quia
873 2719 973 2760 cepit
985 2719 1112 2751 facere
1129 2719 1166 2751 et
1184 2718 1331 2751 docere.

334 2770 549 2811 Propositio
568 2772 743 2804 secunda.
771 2773 925 2816 Religio
950 2773 1157 2806 christiana
1173 2782 1247 2805 non
1265 2772 1410 2815 obligat
1434 2773 1480 2806 ad
1509 2774 1789 2806 obseruantiam
1805 2773 1923 2805 consi·

292 2822 430 2857 liorum
457 2834 579 2867 neque
596 2835 680 2859 cum
694 2828 780 2859 voto
798 2837 919 2869 neque
937 2829 1018 2862 sine
1035 2830 1133 2861 voto.
1160 2829 1283 2868 Patet,
1309 2828 1396 2869 quia
1420 2828 1495 2861 iam
1520 2838 1594 2861 non
1611 2830 1736 2862 essent
1752 2827 1921 2868 consilia,

293 2879 357 2911 scd
374 2882 564 2922 precepta.

337 2931 551 2973 Propositio
570 2934 693 2967 tertia.
720 2933 874 2977 Religio
891 2935 1098 2970 christiana
1114 2938 1240 2980 potest
1257 2938 1398 2979 absque
1421 2939 1507 2971 voto
1525 2937 1718 2981 obligante
1737 2938 1784 2972 ad
1800 2937 1923 2971 consi-

293 2984 345 3019 lia
361 2988 542 3030 perfecte,
561 2988 675 3021 immo
700 2990 974 3031 perfectissime
1002 2992 1208 3027 obseruari.
1237 2993 1349 3028 Patet
1365 2993 1411 3027 de
1428 2993 1590 3034 Christo,
1610 2993 1673 3035 qui
1690 3003 1765 3026 non
1781 2992 1924 3036 legitur
