2050 3470
302 293 367 325 218
986 287 1122 337 ANNO
1150 287 1234 320 1418

304 401 518 434 coincidcns
536 409 619 432 cum
635 399 749 432 tertia
766 397 981 431 immediate
997 395 1226 438 precedenti.
1246 395 1301 428 Ex
1319 394 1454 436 quibus
1472 394 1642 436 sequitur
1658 393 1816 436 decima,
1831 394 1931 435 quod

300 456 518 498 reputantes
535 463 574 487 se
592 455 687 486 benc
703 455 828 486 facere
845 451 1067 485 assumendo
1090 450 1303 492 predictum
1327 449 1526 482 consilium
1551 447 1782 491 paupertatis
1806 457 1931 482 rema-

300 510 421 543 nendo
440 510 477 542 in
492 510 588 542 statu
604 507 777 547 seculari,
792 506 1005 539 mortaliter
1021 506 1198 547 peccant3
1227 505 1323 537 ratio
1340 513 1348 536 ε
1368 505 1455 545 quia
1470 504 1557 537 talis
1569 514 1642 537 non
1657 505 1713 537 est
1726 504 1930 546 assumptio

299 566 415 607 ipsius
430 565 502 596 nisi
516 564 726 602 fantastica,
741 571 922 604 peruersa
939 562 976 594 et
992 570 1065 593 non
1079 569 1180 600 vera,
1201 561 1242 592 ut
1262 560 1370 592 docet
1387 560 1560 592 dominus
1576 559 1770 592 Johannes
1784 559 1873 601 xxij.
1892 559 1932 592 in

297 620 457 661 quadam
483 619 754 660 extrauagante
778 627 784 649 :
816 615 1005 650 Gloriosas
1029 614 1208 654 ecclesias,
1237 616 1306 647 etc.
1335 615 1372 647 et
1396 615 1493 647 ratio
1522 615 1622 647 idem
1647 613 1850 647 conuincit.
1875 614 1933 647 Ex

297 674 428 715 quibus
446 673 626 714 sequitur,
646 672 743 713 quod
761 671 949 704 seculares
967 671 1165 703 credentes
1182 679 1221 702 se
1239 669 1378 702 mereri
1397 669 1463 702 tali
1482 669 1718 702 abdicatione
1735 669 1787 711 (in
1805 668 1932 702 seculo

297 729 440 761 scilicet
454 728 651 768 manendo)
667 727 779 759 vitam
799 731 979 765 eternam,
998 726 1157 758 credunt
1175 734 1214 757 se
1231 734 1341 766 posse
1359 725 1498 757 mereri
1515 725 1630 757 vitam
1649 725 1819 757 eternam
1835 734 1932 757 mor-

296 783 424 816 taliter
437 783 639 825 peccandO.
654 783 709 815 Ex
723 782 858 823 quibus
871 782 1054 822 sequitur,
1070 781 1170 821 quod
1185 779 1322 821 aliquis
1336 780 1385 812 sit
1397 779 1610 813 voluntarie
1623 788 1767 821 pauper
1779 781 1935 822 propter

297 838 486 871 Christum
504 839 541 870 in
561 836 687 870 seculo
704 845 860 869 manens
878 837 1030 868 omnino
1049 834 1145 867 nihil
1163 834 1336 867 habendo
1354 844 1423 867 nec
1441 835 1555 867 etiam
1572 835 1691 876 ipsam
1705 834 1934 867 voluntatem

294 893 456 927 habendi
484 894 651 936 propria,
681 892 839 925 includit
865 892 965 924 omni
991 893 1162 932 tempore
1187 890 1526 923 contradictionem
1551 891 1637 929 etc.,
1664 888 1753 930 quia
1775 887 1936 921 includit

294 949 392 990 quod
410 945 591 982 secularis
609 949 657 980 sit
676 948 878 990 religiosus
896 948 934 979 et
951 948 1124 985 econtra,
1150 946 1249 987 quod
1275 947 1331 978 est
1356 945 1458 977 omni
1484 946 1655 986 tempore
1672 942 1933 976 contradictio.

295 1004 349 1037 Ex
376 1005 510 1045 quibus
535 1004 706 1045 sequitur
729 1003 828 1044 quod
848 1011 922 1034 non
948 1001 1091 1034 effundi
1117 1010 1245 1033 omnes
1264 1009 1353 1042 opes
1378 999 1489 1032 simul
1514 1001 1560 1033 ab
1585 999 1644 1032 his
1669 998 1733 1040 qui
1750 998 1881 1031 volunt
1896 998 1936 1031 in

294 1060 392 1092 statu
417 1059 578 1092 seculari
602 1067 812 1098 remanere,
831 1057 1026 1090 reducitur
1050 1056 1156 1098 quasi
1185 1056 1402 1088 immediate
1430 1056 1476 1088 ad
1504 1055 1599 1088 illud
1626 1054 1846 1097 preceptum
1873 1054 1935 1088 de-

295 1115 418 1157 calogi
436 1125 442 1147 z
468 1115 552 1147 Non
578 1113 738 1154 occides,
756 1122 831 1146 uno
849 1122 936 1145 casu
954 1113 1101 1145 tantum
1119 1112 1269 1153 dempto
1287 1111 1493 1144 secundum
1518 1111 1793 1152 expositionem
1817 1110 1937 1143 sancti

296 1172 441 1206 Thome
458 1181 494 1212 q.
512 1171 643 1211 xxxiij.
663 1168 864 1211 allegantis
882 1168 927 1200 ad
954 1167 1282 1200 confirmationem
1308 1166 1399 1199 dicti
1416 1166 1474 1198 sui
1491 1166 1732 1200 Ambrosium
1749 1165 1938 1198 dicentem

296 1228 335 1260 in
361 1227 483 1269 primo
509 1226 555 1258 de
573 1225 728 1266 officijs:
757 1224 858 1256 Deus
884 1232 957 1255 non
982 1222 1063 1254 vult
1090 1222 1201 1254 simul
1228 1230 1357 1254 omnes
1383 1230 1472 1263 opes
1497 1221 1652 1260 effundi,
1679 1221 1751 1253 nisi
1775 1221 1874 1253 forte
1897 1220 1940 1253 ut

296 1283 484 1324 Heliseus,
500 1281 563 1322 qui
577 1279 757 1312 mactauit
769 1279 885 1311 boues
900 1287 987 1310 suos
1003 1278 1040 1310 et
1057 1278 1163 1319 pauit
1179 1286 1365 1319 pauperes
1382 1285 1427 1309 ex
1446 1285 1489 1309 eo
1505 1276 1604 1317 quod
1617 1276 1761 1316 habuit,
1776 1276 1818 1308 ut
1834 1274 1940 1308 nulla

295 1348 386 1372 cura
409 1337 604 1370 teneretur
628 1334 847 1373 domestica,
874 1333 939 1366 sed
964 1334 1005 1365 ut
1029 1341 1069 1365 se
1094 1332 1202 1365 daret
1227 1333 1265 1364 in
1290 1331 1553 1373 propheticam
1570 1330 1822 1373 disciplinam,
1839 1331 1939 1372 quod

294 1392 450 1424 verbum
468 1388 627 1431 (scilicet
646 1401 662 1414 ιι
678 1387 750 1419 nisi
767 1387 865 1418 forte
885 1387 925 1418 ut
943 1385 1115 1418 Heliseus
1131 1385 1161 1424 „)
1180 1385 1336 1426 exponit
1361 1385 1513 1417 sanctus
1542 1383 1729 1416 Thomas:
1757 1383 1830 1416 nisi
1854 1383 1938 1424 quis

294 1446 385 1480 velit
413 1446 552 1478 statum
580 1452 688 1475 suum
718 1441 863 1474 scilicet
893 1440 1104 1473 secularem
1129 1441 1277 1472 mutare
1304 1449 1373 1481 per
1401 1439 1600 1482 religionis
1632 1439 1848 1481 ingressum
1875 1438 1941 1471 aut

295 1501 484 1545 principes
498 1500 669 1532 extrema
681 1496 906 1530 necessitate
919 1495 1097 1535 liberare,
1110 1496 1183 1528 etc.
1202 1495 1250 1528 Et
1262 1495 1284 1528 J
1289 1494 1456 1527 ohannes
1470 1495 1507 1527 in
1522 1495 1674 1528 Summa
1687 1493 1942 1527 Confessionis

296 1558 364 1591 sub
379 1556 462 1598 alijs
475 1555 600 1588 verbis
616 1565 622 1587 ι
643 1554 713 1586 nisi
728 1553 811 1595 quis
828 1551 918 1584 velit
935 1561 979 1585 ex
993 1552 1072 1584 toto
1090 1551 1260 1585 seculum
1277 1550 1512 1592 relinquere.
1530 1551 1576 1584 Et
1591 1551 1776 1593 magister
1792 1549 1944 1583 Summe

295 1620 525 1646 summarum
551 1609 662 1642 titulo
691 1609 737 1641 de
766 1607 974 1641 elemosina
1004 1607 1096 1639 dicit
1124 1607 1225 1639 idem
1252 1617 1260 1647 ;
1293 1607 1331 1639 et
1360 1605 1530 1647 loquitur
1561 1606 1615 1638 ibi
1644 1605 1864 1639 Ambrosius
1895 1605 1942 1638 de

296 1668 479 1701 effusione
492 1675 557 1698 seu
575 1664 812 1698 abdicatione
829 1668 913 1695 actu
934 1661 1165 1703 habitorum,
1185 1671 1231 1694 ex
1249 1662 1386 1703 quibus
1402 1662 1520 1703 possit
1536 1661 1648 1693 homo
1669 1660 1941 1694 conuenienter

295 1724 411 1756 vitam
425 1721 637 1763 transigere
651 1719 856 1752 secundum
873 1717 1129 1750 conditionem
1142 1718 1261 1750 status
1278 1719 1315 1749 et
1333 1726 1507 1758 persone.
1527 1717 1583 1750 Ex
1601 1716 1736 1758 quibus
1753 1715 1937 1756 sequitur,

298 1777 395 1819 quod
410 1777 538 1809 dicens
557 1774 804 1817 pertinaciter
820 1774 947 1806 omnia
964 1782 1046 1805 esse
1063 1773 1261 1805 meritorie
1279 1772 1492 1813 abjicienda
1519 1773 1676 1814 propter
1693 1771 1882 1804 Christum
1897 1771 1937 1804 in

297 1832 423 1866 seculo
441 1831 622 1870 manenti,
641 1830 831 1863 hereticus
856 1830 954 1861 esset
972 1829 1164 1868 dicendus,
1189 1829 1346 1869 excepto
1371 1837 1445 1859 uno
1460 1826 1539 1859 solo
1566 1836 1653 1860 casu
1670 1827 1717 1859 de
1741 1825 1937 1859 liberando

296 1888 507 1930 principem
534 1887 579 1919 de
605 1885 828 1918 necessitate
853 1886 1035 1923 extrema,
1060 1892 1129 1925 per
1153 1892 1278 1924 quem,
1305 1883 1375 1915 etc.
1404 1883 1456 1915 Ex
1480 1883 1616 1923 quibus
1633 1881 1816 1923 sequitur,
1841 1881 1941 1922 quod

296 1943 509 1985 proprietas
527 1940 795 1982 temporalium
812 1949 942 1972 rerum
960 1940 1017 1972 est
1040 1939 1153 1971 statui
1179 1937 1342 1971 seculari
1367 1937 1624 1970 essentialiter
1640 1946 1800 1977 annexa,
1819 1938 1856 1971 et
1872 1946 1942 1979 per

297 2006 530 2038 consequens
562 1997 734 2029 dominus
752 2004 860 2037 papa,
879 1994 985 2027 salua
1013 1994 1217 2026 autoritate
1243 2002 1322 2032 sua,
1349 2003 1423 2025 non
1451 1994 1576 2034 potest
1607 1993 1826 2034 dispensare
1857 2002 1941 2025 cum

299 2053 548 2092 secularibus,
572 2053 614 2084 ut
640 2051 813 2083 omnibus
841 2051 880 2082 in
906 2049 1093 2091 singulari
1119 2050 1273 2081 careant
1299 2057 1365 2081 seu
1390 2047 1485 2080 nihil
1504 2048 1542 2080 in
1560 2047 1747 2090 singulari
1763 2047 1940 2081 habeant.

298 2110 354 2142 Ex
372 2109 507 2150 quibus
524 2107 696 2147 sequitur
713 2107 841 2138 sextus
860 2104 1043 2137 articulus
1060 2104 1222 2136 reddens
1240 2103 1478 2145 precedentis
1505 2103 1627 2144 quinti
1652 2102 1804 2135 articuli
1827 2103 1941 2136 ratio-

298 2175 395 2198 nem.
423 2164 461 2197 Si
482 2163 583 2196 enim
607 2161 780 2194 dominus
806 2169 904 2202 papa
927 2160 1054 2201 posset
1077 2159 1149 2191 hoc
1174 2158 1288 2191 alicui
1317 2159 1539 2199 concedere,
1564 2157 1726 2191 seculari
1749 2157 1939 2199 videlicet,

297 2221 423 2263 posset
450 2219 486 2252 ei
511 2217 717 2250 concedere
742 2216 895 2257 proprie
919 2215 994 2247 vite
1022 2214 1331 2253 subtractionem,
1358 2214 1428 2246 etc.
1448 2213 1581 2246 Posset
1594 2213 1722 2252 etiam,
1748 2213 1848 2254 quod
1871 2221 1940 2255 pro

299 2275 400 2307 omni
419 2275 588 2314 tempore
613 2271 947 2304 contradictionem
973 2269 1156 2311 implicat,
1184 2269 1284 2310 quod
1300 2269 1400 2301 Deus
1418 2268 1624 2302 secundum
1650 2270 1798 2301 sanctos
1814 2269 1942 2301 facere

299 2339 372 2362 non
396 2330 530 2371 potest.
560 2327 738 2368 Sequitur
762 2326 877 2358 etiam
901 2325 1000 2366 quod
1026 2324 1228 2368 religiosus
1254 2325 1334 2356 sine
1360 2325 1514 2365 peccato
1542 2322 1694 2356 mortali
1720 2332 1793 2355 non
1819 2323 1944 2365 potest

300 2385 476 2418 abdicare
493 2382 726 2415 voluntatem
749 2380 913 2414 habendi
938 2380 1166 2421 communia,
1193 2380 1308 2412 etiam
1333 2379 1481 2420 quando
1500 2380 1585 2411 actu
1602 2377 1695 2411 talia
1712 2388 1786 2411 non
1803 2372 1941 2419 habet3

301 2440 390 2481 quia
406 2439 507 2472 enim
524 2437 633 2478 illud,
651 2437 752 2478 quod
768 2435 894 2469 nullus
915 2436 1041 2468 facere
1065 2436 1189 2477 potest
1207 2435 1288 2467 sine
1305 2435 1459 2476 peccato
1484 2433 1650 2472 mortali,
1676 2433 1803 2466 nullus
1819 2433 1944 2475 potest

298 2495 394 2528 illud
418 2493 514 2526 velle
540 2493 666 2525 facere
681 2503 690 2533 ς
717 2493 754 2525 et
770 2491 974 2534 religiosus
991 2499 1065 2522 non
1082 2490 1207 2532 potest
1224 2490 1401 2522 abdicare
1419 2489 1646 2527 communia,
1665 2488 1754 2530 quia
1770 2488 1852 2521 sine
1865 2487 1943 2520 illis

298 2551 424 2583 vivere
456 2557 530 2580 non
559 2548 697 2589 posset,
727 2556 811 2579 cum
841 2555 909 2587 por
940 2554 1046 2578 suam
1078 2544 1353 2586 professionem
1385 2544 1669 2577 renunciauerit
1703 2543 1877 2575 omnibus
1904 2543 1944 2575 et

300 2603 460 2646 singulis
490 2602 654 2644 propriis
687 2600 973 2644 singularibus3
1008 2600 1181 2641 sequitur
1212 2608 1304 2642 ergo
1338 2599 1437 2640 quod
1468 2598 1685 2641 religiosus,
1718 2599 1818 2639 etc.;
1853 2597 1942 2639 quia

299 2661 426 2699 etiam,
457 2659 553 2691 teste
579 2657 708 2690 sancto
734 2656 879 2688 Thoma
903 2655 1066 2688 secunda
1095 2654 1258 2687 secunde
1282 2664 1316 2695 q.
1345 2654 1477 2695 xxxiij.
1504 2652 1664 2686 articulo
1703 2653 1791 2693 etc.,
1815 2651 1942 2685 nullus

300 2714 411 2747 debet
447 2712 762 2745 incouuenienter
793 2710 937 2749 viuere,
967 2709 1091 2742 tribus
1119 2709 1268 2742 casibus
1302 2708 1482 2750 exceptis.
1512 2707 1690 2748 Sequitur
1717 2707 1817 2749 quod
1844 2705 1944 2739 male

299 2769 440 2801 faciant
463 2769 501 2800 et
523 2767 681 2809 peccent
706 2765 796 2798 illud
832 2765 1068 2806 abjicientes,
1099 2764 1144 2797 de
1171 2774 1243 2804 quo
1269 2763 1474 2797 secundum
1498 2763 1637 2795 statum
1660 2771 1768 2795 suum
1791 2762 1830 2795 et
1855 2771 1941 2794 con-

300 2823 482 2855 ditionem
499 2830 660 2863 persone
677 2821 830 2862 possent
850 2819 1122 2852 conuenienter
1146 2819 1287 2860 viuere,
1308 2818 1428 2851 dictus
1453 2818 1572 2850 tribus
1590 2817 1738 2850 casibus
1760 2817 1941 2859 exceptis,

301 2880 373 2911 etc.
393 2876 529 2910 Nullus
546 2876 661 2909 etiam
676 2884 833 2917 corpore
848 2875 994 2907 validus
1009 2876 1117 2908 extra
1130 2884 1257 2908 veram
1270 2873 1475 2907 utilitatem
1488 2874 1527 2906 et
1539 2882 1667 2906 veram
1680 2871 1942 2906 necessitatem

302 2933 466 2966 existens
496 2932 622 2973 potest
650 2931 730 2963 sine
758 2932 912 2972 peccato
942 2929 1246 2962 christifidelium
1273 2929 1509 2971 elemosynas
1537 2927 1700 2971 tollere3
1730 2937 1776 2961 ex
1804 2927 1940 2968 quibus

302 2987 483 3030 sequitur,
510 2986 609 3029 quod
636 2986 807 3029 predicta
833 2986 908 3020 tria
939 2984 1147 3019 saluatoris
1177 2984 1336 3018 consilia
1361 2985 1437 3017 sint
1460 2984 1514 3019 ita
1541 2984 1796 3026 concatenata,
1811 2983 1854 3016 ut
1875 2982 1940 3017 ubi
