2050 3470
804 277 940 312 ANNO
967 277 1050 310 1312
1701 281 1743 313 67

782 434 845 476 41
880 428 1081 492 (wahe).

176 571 296 621 1312,
324 569 417 611 Mei
437 572 476 619 2,
512 568 691 613 Vienne.
722 569 1059 626 Veroordeeling
1095 570 1199 613 door
1235 570 1432 614 Clemens
1465 571 1502 613 V
1527 573 1655 626 tegen
1690 571 1742 613 de

118 639 459 696 Tempelridders
483 640 808 696 uitgesproken.
837 664 884 670 -
908 642 973 685 Na
997 656 1102 684 eene
1138 642 1394 698 uitweiding
1416 656 1520 684 over
1537 643 1589 685 de
1612 642 1746 698 plich-

117 713 190 752 ten
217 722 298 751 van
324 709 406 752 den
440 722 560 764 paus‚
603 708 825 753 verklaart
864 710 921 767 hij
962 710 1013 753 de
1047 710 1149 753 orde
1190 711 1267 753 der
1305 711 1649 767 Tempelridders
1673 720 1743 756 ten

117 777 344 833 eeuwigen
382 777 490 833 dage
521 776 764 832 afgeschaft
803 793 979 835 wegens
1016 779 1067 822 de
1105 780 1383 836 ongehoorde
1417 780 1651 838 ketterijen
1693 795 1744 823 en

117 846 379 890 euveldaden
405 859 487 888 van
511 846 562 888 de
587 853 791 889 meesters
833 861 885 889 eu
927 848 1131 891 broeders
1157 849 1285 892 dezer
1318 849 1435 891 orde.
1464 850 1578 894 Over
1602 850 1748 892 hunne

116 914 434 970 aangeslagene
471 914 737 970 bezittingen
778 929 875 972 mag
919 917 1122 959 niemand
1165 917 1429 960 beschikken
1473 917 1621 961 buiten
1663 918 1745 961 den

118 983 172 1025 H.
197 981 328 1026 Stoel.
362 985 474 1026 Daar
511 983 612 1025 deze
653 984 867 1039 goederen
909 999 1093 1041 vroeger
1133 1000 1212 1029 aan
1254 987 1306 1029 de
1345 987 1448 1029 orde
1468 987 1747 1042 geschonken

117 1054 294 1097 werden
317 1057 384 1098 tot
405 1054 670 1111 vrijmaking
688 1069 770 1098 van
793 1057 867 1099 het
887 1057 1028 1113 Heilig
1050 1058 1182 1109 Land,
1211 1057 1361 1102 beslist
1380 1059 1430 1101 de
1449 1072 1576 1114 paus,
1597 1073 1652 1102 na
1669 1059 1750 1116 rijp

117 1123 293 1179 overleg
311 1137 364 1166 en
389 1123 651 1180 langdurige
675 1123 1025 1182 beraadslaging,
1062 1127 1135 1170 dat
1158 1128 1210 1184 zij
1249 1128 1391 1170 zullen
1424 1141 1643 1184 overgaan
1669 1142 1751 1171 aan

113 1193 165 1235 de
187 1191 532 1236 St-Jansridders
566 1206 651 1235 van
682 1194 939 1247 Jerusalem,
977 1196 1120 1238 zooals
1154 1196 1221 1239 die
1256 1197 1472 1252 goederen
1507 1196 1744 1241 bestonden

118 1264 219 1304 toen
237 1261 289 1304 de
312 1260 652 1317 Tempelridders
675 1266 748 1305 ten
766 1263 864 1319 jare
891 1263 1004 1308 1308
1037 1265 1079 1307 in
1113 1265 1188 1308 het
1222 1265 1477 1323 koninkrijk
1511 1266 1748 1322 Frankrijk

122 1330 295 1374 werden
320 1345 547 1387 gevangen
581 1345 809 1387 genomen,
846 1336 934 1375 met
958 1333 1263 1390 uitzon‹lering
1287 1335 1363 1377 der
1386 1334 1650 1391 bezittingen
1669 1350 1745 1392 ge-

121 1401 245 1456 legen
279 1400 321 1442 in
355 1400 407 1442 de
429 1400 738 1457 koninkrijken
776 1401 970 1459 Castilje,
997 1403 1190 1458 Aragon‚
1221 1404 1428 1459 Portugal
1462 1419 1514 1447 en
1539 1404 1746 1462 Majorca,

123 1469 263 1512 welke
291 1470 541 1525 voorloopig
561 1483 644 1512 aan
663 1470 743 1512 den
763 1471 815 1512 H.
840 1470 952 1513 Stoel
977 1471 1314 1515 voorbehouden
1340 1472 1519 1530 blijven.
1547 1475 1687 1517 Alwie
1706 1475 1748 1518 in

123 1537 235 1581 bezit
257 1553 337 1580 van
359 1538 485 1581 zulke
506 1539 896 1594 Tempelgoederen
922 1540 972 1590 is,
1002 1541 1067 1583 zal
1094 1555 1142 1584 ze
1162 1541 1320 1584 binnen
1342 1542 1394 1585 de
1418 1543 1573 1586 maand
1597 1557 1678 1586 aan
1701 1545 1753 1586 de

120 1607 465 1651 St-Jansridders
488 1621 748 1663 overgeven,
776 1622 828 1663 op
852 1609 933 1651 den
955 1609 1152 1652 kerkban
1179 1625 1230 1653 en
1256 1612 1416 1654 andere
1434 1611 1628 1655 straflen.

164 1716 352 1750 Sententia
378 1716 423 1750 de
453 1718 673 1750 eoetinctione
705 1716 1002 1760 Templariorum
1028 1729 1051 1751 a
1089 1718 1274 1753 Clemente
1303 1730 1406 1764 papa
1434 1722 1560 1764 quinto
1599 1720 1675 1755 lata
1713 1724 1752 1755 in

120 1771 272 1805 concilio
297 1771 503 1805 Viennensi.

164 1828 221 1862 Ad
234 1830 454 1870 perpetuam
472 1828 527 1861 rei
541 1829 770 1862 memoriam.

164 1884 221 1916 Ad
237 1883 430 1925 providam
456 1883 594 1916 Christi
610 1885 742 1917 vicarii
765 1885 1015 1926 praesidentis
1047 1886 1084 1917 in
1117 1885 1270 1927 specula
1298 1886 1525 1928 apostolicae
1557 1887 1752 1930 dignitatis

121 1940 495 1981 circumspectionem
509 1940 672 1981 pertinet
689 1940 789 1972 vices
802 1949 961 1982 pensare
979 1942 1192 1982 temporum
1207 1942 1499 1983 emergentium,
1515 1943 1752 1984 negotiorum

122 2003 252 2027 causas
280 1994 466 2028 discutere
491 2004 533 2027 ac
560 2004 807 2036 personarum
831 1997 1025 2029 attendere
1050 1996 1263 2038 qualitates,
1297 2000 1336 2029 ut
1355 1997 1401 2029 ad
1419 1997 1569 2039 singula
1585 1998 1753 2030 debitum

121 2050 289 2092 dirigens
306 2051 540 2083 necessariae
557 2050 868 2083 considerationis
887 2051 1065 2084 intuitum
1079 2054 1116 2084 et
1133 2056 1344 2094 opportune
1359 2061 1509 2085 manum
1523 2053 1752 2094 operationis

121 2114 325 2148 apponens,
343 2106 389 2139 de
406 2115 498 2149 agro
516 2106 665 2138 Domini
691 2106 743 2138 sic
768 2106 945 2138 vitiorum
971 2106 1130 2139 tribulos
1149 2109 1268 2147 eruat,
1295 2110 1336 2140 ut
1361 2108 1518 2141 virtutes
1535 2107 1751 2149 amplificet,

121 2159 175 2192 sic
192 2161 531 2202 praevaricantium
548 2162 673 2203 spinas
698 2162 819 2202 tollat,
845 2165 884 2195 ut
904 2163 1099 2196 evellendo
1117 2164 1200 2206 plus
1218 2164 1363 2206 plantet
1376 2173 1486 2206 quam
1511 2164 1690 2204 destruat,
1715 2168 1752 2198 et

121 2215 159 2247 in
173 2214 255 2248 loca
270 2224 388 2248 vacua
410 2225 478 2258 per
501 2217 794 2250 eradicationem
819 2219 1033 2251 nocentium
1065 2218 1306 2259 tribulorum,
1337 2220 1471 2252 devota
1500 2220 1577 2252 Deo
1606 2219 1752 2261 planta-

121 2271 222 2303 mina
253 2271 526 2311 transferendo,
560 2273 744 2313 potiorem
775 2273 955 2314 praebeat
984 2273 1029 2306 de
1062 2274 1211 2315 provisa
1245 2276 1282 2306 ct
1309 2273 1392 2306 utili
1427 2283 1556 2306 eorum
1583 2273 1752 2306 locorum

121 2326 259 2358 unione
298 2328 335 2359 et
374 2326 620 2360 translatione
652 2327 848 2367 laetitiam,
875 2337 986 2369 quam
1018 2337 1106 2361 vera
1131 2330 1290 2369 justitia,
1331 2338 1426 2370 quae
1456 2329 1751 2371 compassionem

122 2380 247 2421 habet,
273 2381 413 2413 doloris
440 2382 612 2415 intulerit
628 2383 895 2416 detrimentum
919 2392 1165 2425 personarum
1190 2386 1227 2416 et
1258 2384 1428 2418 locorum
1446 2385 1660 2426 huJ'usmodi
1684 2393 1752 2426 per

121 2436 280 2469 ruinam.
301 2437 360 2470 Sic
391 2437 491 2470 enim
516 2438 733 2471 autferendo
751 2439 849 2480 quod
866 2439 995 2478 officit,
1021 2441 1058 2471 et.
1075 2440 1316 2482 subrogando
1336 2441 1434 2482 quod
1451 2441 1613 2483 proficit,
1637 2440 1751 2473 virtu-

120 2492 199 2524 tum
216 2492 405 2532 profectus
423 2491 637 2534 amplificat,
658 2494 695 2525 ct
710 2492 858 2526 sublata
881 2494 927 2526 de
946 2494 1068 2527 medio
1089 2493 1239 2526 meliori
1258 2495 1530 2537 subrogatione
1549 2496 1746 2528 restaurat.

165 2546 314 2579 Dudum
331 2547 515 2588 siquidem
532 2548 702 2580 ordinem
718 2548 848 2581 domus
865 2548 1024 2582 militiae
1041 2548 1188 2590 Templi
1218 2549 1569 2593 Hierosolyniitani,
1595 2552 1750 2591 propter

121 2602 344 2644 magistrum
360 2604 397 2635 et
410 2602 547 2635 fratres
563 2605 806 2644 caeterasque
822 2612 1001 2645 personas
1025 2604 1115 2636 dicti
1140 2603 1282 2636 ordinis
1309 2605 1346 2636 in
1374 2603 1603 2645 quibuslibet
1622 2604 1749 2636 mundi

121 2656 290 2699 partibus
313 2657 572 2697 consistentes,
589 2657 704 2690 variis
721 2659 759 2691 et
775 2657 932 2691 diversis
950 2668 1023 2690 non
1041 2661 1117 2691 tam
1134 2659 1306 2691 nefandis
1324 2667 1436 2699 quam
1461 2659 1636 2698 infandis,
1653 2658 1749 2700 proh

122 2711 242 2752 dolor,
274 2720 446 2745 errorum
473 2715 511 2746 et
541 2711 726 2745 scelerum
757 2713 1088 2753 obscoenitatibus,
1121 2713 1382 2755 pravitatibus,
1418 2713 1575 2746 maculis
1598 2715 1636 2746 et
1667 2712 1752 2746 labe

121 2775 326 2809 resperSOS,
345 2776 440 2809 quae
464 2769 619 2810 propter
643 2768 788 2801 tristem
812 2770 850 2802 et
875 2769 1087 2811 spurcidam
1104 2777 1235 2802 eorum
1253 2769 1473 2802 memoriam
1490 2769 1750 2810 praesentibus

124 2822 373 2863 subtacemus,
391 2823 547 2866 ejusque
564 2823 706 2856 ordinis
736 2825 886 2864 statum,
919 2824 1090 2857 habitum
1117 2825 1228 2866 atque
1254 2833 1401 2864 nomen,
1423 2833 1496 2856 non
1522 2824 1602 2857 sine
1627 2823 1750 2856 cordis

124 2878 373 2912 amaritudine
389 2881 427 2912 et
443 2878 585 2919 dolore,
601 2887 706 2912 sacro
731 2881 962 2923 approbante
976 2879 1148 2920 concili0‚
1177 2890 1251 2913 non
1269 2889 1337 2922 per
1362 2880 1513 2912 modum
1529 2879 1750 2913 diffinitivae

123 2934 344 2976 sententiae,
359 2943 443 2968 cum
461 2943 544 2969 eam
557 2944 670 2978 super
684 2934 754 2969 hoc
777 2936 982 2970 secundum
999 2936 1261 2977 inquisitiones
1278 2937 1316 2968 et
1339 2944 1535 2977 processus
1551 2943 1664 2977 super
1691 2934 1750 2967 his

123 2987 270 3023 habitos
283 2999 358 3024 non
373 2998 567 3034 possemus
581 2991 684 3026 terre
700 2991 747 3026 de
761 2991 860 3035 jure,
881 2993 946 3027 sed
972 3001 1041 3036 per
1057 2992 1155 3026 viam
1170 2991 1396 3035 provisionis
1413 2999 1479 3025 seu
1503 2991 1749 3025 ordinationis
