2050 3470
794 217 931 252 ANNO
958 217 1042 252 1308
1676 221 1737 254 183

107 330 419 365 consuetudinem
448 330 580 362 domus
605 329 717 362 debet
740 329 785 362 ad
803 330 1077 363 confessionem
1102 329 1221 370 exire,
1236 331 1388 372 oportet
1403 331 1502 373 quod
1533 341 1695 372 sorores,
1713 343 1736 366 a

107 387 241 429 quibus
269 385 352 424 hoc,
378 385 558 427 exigitur,
592 383 764 417 Marthae
796 384 854 417 vel
887 384 1136 418 Submarthae
1164 385 1302 425 omnia,
1321 394 1416 427 quae
1445 387 1617 420 confiteri
1648 397 1732 429 pro-

106 442 266 484 ponunt,
283 440 547 482 profiteantur,
567 442 766 481 antequam
784 440 888 472 exire
905 441 1189 481 permittuntur,
1207 442 1245 473 et
1262 441 1382 473 solum
1399 441 1479 482 illa,
1499 444 1536 474 et
1552 443 1649 475 sicut
1676 443 1732 476 vel

105 495 294 530 aMartha
318 494 375 527 vel
416 493 644 528 Submartha
675 494 926 533 instruuntur,
956 496 993 527 et
1025 505 1098 528 non
1127 494 1201 528 alia
1225 504 1345 536 neque
1377 496 1488 530 aliter
1513 499 1662 539 oportet
1692 500 1734 531 ut

107 551 369 584 confiteantur.
389 549 495 588 Quod
509 549 754 582 immobiliter
771 549 894 582 solent
913 550 1128 590 observare,
1146 551 1307 584 maxime
1325 561 1408 583 cum
1426 551 1574 593 aliquae
1602 553 1734 586 volunt

106 607 215 639 extra
238 606 419 638 statutum
434 606 581 646 tempus
599 605 785 644 confiteri,
804 607 959 646 propter
983 614 1093 646 quem
1110 605 1309 638 articulum
1327 605 1454 647 plures
1470 607 1515 640 ab
1533 608 1587 640 eis
1604 617 1733 641 reces-
1765 606 1769 611 ’

105 662 249 700 serunt,
267 659 491 702 praesertim
505 669 589 692 cum
607 659 684 698 illa,
704 668 798 700 quae
816 660 870 691 sic
887 660 1270 700 praeconfitebantur,
1288 662 1455 701 quamvis
1473 662 1661 695 interdum
1679 664 1732 696 ita

105 716 231 749 essent
243 715 387 758 gravia,
402 714 499 755 quod
518 715 721 746 auctoritas
735 714 900 761 episcopi
915 717 995 747 crat
1010 724 1077 756 pro
1091 715 1326 748 absolutione
1344 718 1569 758 necessaria,
1584 721 1730 752 secreta

104 780 178 804 non
195 770 469 808 remanserant,
488 769 552 801 sed
570 768 654 802 aliis
671 769 967 802 innotescebant.

144 824 256 859 Aliud
285 824 383 866 quod
408 824 529 866 magis
554 824 702 856 videtur
727 824 943 858 absurdum.
968 823 1035 857 Est
1066 825 1166 857 enim
1192 835 1265 858 una
1281 825 1431 860 Martha
1454 827 1673 869 principalis
1690 829 1728 861 in

101 879 286 922 TraJecto,
310 888 406 921 quae
431 879 560 911 domos
585 888 758 911 sororum
782 879 921 912 ibidem
947 882 984 912 et
1008 879 1101 912 alias
1126 880 1256 912 domos
1281 883 1486 915 earundem
1510 883 1548 915 in
1581 884 1728 924 oppidis

101 934 455 976 circumJacentibus
479 933 647 974 quolibet
671 942 768 966 anno
795 934 839 966 ad
866 935 988 967 minus
1021 934 1136 967 semel
1162 934 1219 968 vel
1252 935 1308 968 bis
1334 938 1398 969 aut
1430 937 1572 978 pluries
1603 938 1729 971 visitat

101 991 257 1030 directe,
289 990 386 1022 sicut
411 989 559 1031 priores
589 988 840 1030 provinciales
869 989 1137 1032 religiosorum
1169 993 1372 1024 conventus
1405 1002 1556 1025 suarum
1581 994 1727 1034 provin-

101 1046 244 1079 ciarum
258 1045 411 1078 visitare
428 1045 716 1077 consueverunt.
731 1042 895 1077 Veniens
913 1045 1015 1077 enim
1028 1045 1074 1078 ad
1091 1045 1244 1078 domum
1262 1046 1323 1080 die
1337 1048 1375 1079 et
1387 1046 1493 1087 hora,
1509 1048 1642 1088 quibus
1656 1049 1728 1081 sibi

100 1100 238 1143 placet,
255 1100 362 1142 ponit
378 1108 418 1132 se
434 1099 474 1132 in
491 1099 652 1141 quadam
669 1108 819 1132 camera
834 1101 872 1132 et
889 1099 1056 1142 singulas
1074 1109 1223 1133 sorores
1242 1110 1353 1134 unam
1371 1104 1455 1143 post
1471 1102 1584 1136 aliam
1601 1104 1725 1146 singu-

100 1155 233 1189 lariter
255 1155 468 1197 interrogat
484 1156 522 1187 et
546 1154 737 1187 examinat
761 1154 807 1187 de
825 1155 923 1187 statu
941 1155 1085 1194 domuS,
1101 1155 1146 1188 de
1163 1156 1350 1198 regimine
1368 1157 1551 1197 Marthae,
1571 1159 1616 1191 de
1634 1168 1726 1200 pace

98 1209 158 1244 vel
175 1210 375 1250 discordia,
394 1210 439 1242 de
453 1209 667 1242 excessibus
680 1208 738 1242 vel
757 1209 972 1242 obedientia
985 1219 1156 1242 sororum
1173 1212 1211 1243 et
1224 1210 1308 1243 aliis
1321 1211 1548 1254 hujusmodi,
1563 1214 1726 1247 maxime

98 1266 145 1299 de
161 1265 430 1306 observantiis;
455 1266 506 1306 et,
525 1265 698 1297 omnibus
711 1264 764 1296 sic
781 1265 926 1297 secrete
943 1265 1094 1305 auditis,
1112 1267 1313 1307 antequam
1336 1268 1500 1307 recedat,
1520 1269 1725 1310 capitulum

97 1321 136 1354 in
164 1329 313 1354 camera
340 1320 508 1353 oratoria
529 1320 570 1352 in
594 1319 783 1352 communi
808 1321 952 1358 tenens
979 1319 1107 1361 culpas
1135 1320 1370 1363 singularum
1395 1332 1521 1356 coram
1553 1324 1726 1357 omnibus

97 1375 253 1410 audiens
277 1377 316 1408 et
331 1375 584 1417 poenitentias
601 1375 638 1407 in
641 1375 805 1417 Jungens
823 1383 865 1407 ac
882 1383 978 1416 quae
1002 1377 1089 1407 sunt
1104 1375 1142 1407 in
1161 1378 1349 1409 communi
1373 1377 1431 1411 vel
1448 1378 1486 1410 in
1503 1378 1724 1421 particulari

97 1430 334 1473 corrigenda,
368 1430 563 1472 corrigens
595 1431 634 1462 et
664 1430 883 1469 emendans,
917 1430 963 1462 ad
995 1430 1252 1464 observantias
1288 1433 1400 1474 atque
1432 1435 1722 1468 consuetudines

97 1486 385 1529 perseveranter
401 1486 513 1526 atque
531 1485 751 1517 obedienter
775 1484 1045 1517 continuandas
1069 1485 1292 1519 adhortatur
1319 1496 1382 1520 eas
1398 1488 1519 1521 modis
1536 1489 1722 1529 omnibus,

98 1541 232 1584 quibus
256 1541 392 1582 potest.
412 1540 491 1573 Nec
507 1539 578 1572 hoc
595 1539 735 1580 solum;
753 1540 817 1572 sed
835 1548 919 1572 cum
944 1549 1105 1578 sorores,
1125 1543 1165 1573 ut
1182 1541 1322 1574 dictum
1340 1545 1409 1582 est,
1427 1544 1532 1576 audit
1555 1544 1724 1587 singulas

97 1597 257 1637 secrete,
276 1596 426 1637 oportet
439 1595 537 1636 quod
554 1594 745 1636 quaelibet
761 1596 924 1636 exponat
941 1595 1012 1627 sibi
1030 1596 1149 1627 totum
1167 1598 1305 1629 statum
1322 1597 1542 1631 interiorem
1559 1598 1722 1632 hominis

95 1652 177 1685 siue
193 1651 232 1684 in
246 1651 342 1684 bono
360 1650 441 1683 siue
454 1650 493 1682 in
505 1649 617 1690 malo,
632 1650 686 1683 ita
697 1650 808 1692 plene
822 1652 860 1683 et
874 1651 1043 1691 perfecte
1060 1650 1117 1683 vel
1131 1652 1348 1692 perfectius,
1364 1653 1440 1685 acsi
1457 1655 1582 1687 essent
1595 1663 1721 1687 coram

93 1707 290 1740 sacerdote
317 1706 546 1739 confessore.
578 1704 627 1738 Et
642 1706 756 1747 prout
785 1705 858 1738 ista
875 1705 921 1738 de
949 1705 1108 1748 singulis
1131 1707 1302 1748 judicans
1329 1708 1650 1747 determinaverit,
1668 1710 1722 1743 ita

95 1763 245 1804 oportet
261 1770 324 1794 eas
337 1770 423 1794 suas
440 1761 619 1793 formare.

135 1816 184 1850 Et
200 1817 299 1859 quod
316 1815 400 1858 plus
417 1817 486 1855 est,
504 1815 599 1849 tales
623 1815 878 1849 confessiones
895 1816 1009 1849 audet
1024 1816 1138 1849 etiam
1170 1817 1215 1850 ab
1243 1816 1411 1851 honestis
1443 1820 1663 1853 dominabus
1681 1821 1718 1854 in

92 1872 333 1906 matrimonio
352 1871 600 1905 existentibus
617 1873 655 1904 et
671 1871 717 1904 ab
732 1870 817 1904 aliis
833 1870 970 1913 puellis
989 1880 1063 1904 non
1080 1872 1151 1904 sibi
1165 1872 1342 1914 subjectis
1358 1874 1542 1916 recipere.
1560 1875 1609 1908 Et
1621 1877 1719 1918 quod

93 1927 266 1961 omnibus
289 1927 412 1969 magis
438 1926 652 1959 mirandum
668 1927 736 1966 est,
755 1926 955 1968 presbyter
971 1927 1123 1968 quidam
1149 1937 1232 1960 cum
1250 1928 1350 1961 dicta
1366 1928 1514 1963 Martha
1531 1930 1569 1963 in
1586 1932 1718 1964 eadem

93 1983 204 2016 domo
220 1981 447 2024 hospitatur,
466 1983 505 2015 et
519 1981 678 2014 istarum
702 1982 1040 2024 congregationum
1071 1981 1268 2025 legislator
1284 1985 1341 2016 est
1357 1985 1469 2025 atque
1486 1985 1718 2028 gubernator

91 2046 303 2080 supremus.
320 2036 369 2070 Et
384 2038 541 2078 propter
563 2035 635 2068 hoc
658 2037 756 2078 apud
779 2035 913 2079 vulgus
944 2037 1137 2070 confessor
1163 2039 1276 2079 atque
1299 2039 1537 2080 praedicator
1553 2041 1718 2074 ramosus

92 2102 168 2126 non
183 2092 460 2126 verecundatur
475 2090 690 2134 huJusmodi
715 2091 885 2125 dominas
909 2093 947 2125 et
963 2090 1109 2133 puellas
1133 2093 1179 2125 de
1196 2102 1263 2126 sua
1287 2094 1523 2128 confessione
1539 2097 1718 2129 exeuntes

91 2149 130 2181 et
145 2147 317 2180 confiteri
335 2147 541 2188 cupientes,
560 2155 644 2180 cum
655 2147 726 2179 sibi
744 2155 818 2180 non
831 2148 949 2187 vacat,
964 2147 1011 2180 ad
1023 2148 1233 2190 praefatam
1251 2148 1437 2182 Martham
1454 2150 1593 2183 sociam
1611 2160 1715 2184 suam

89 2203 334 2236 domesticam
351 2202 518 2245 dirigere
536 2202 753 2235 audiendas.

131 2257 244 2291 Aliud
267 2258 422 2299 insuper
446 2257 586 2297 existit,
605 2257 704 2299 quod
728 2258 849 2290 totum
872 2258 1103 2300 praecedens
1120 2259 1314 2302 negotium
1339 2262 1553 2302 suspectum
1576 2262 1713 2295 reddit.

87 2312 147 2347 Ita
162 2313 264 2346 enim
287 2313 440 2345 student
471 2311 634 2346 sollicite
661 2313 787 2346 omnia
814 2313 1008 2355 praedicta
1031 2314 1070 2347 et
1085 2312 1172 2352 alia,
1201 2322 1298 2356 quae
1325 2315 1537 2357 observant,
1570 2319 1716 2351 secreta

86 2376 256 2410 manere,
273 2368 371 2409 quod
389 2367 626 2400 strictissime
638 2367 888 2410 prohibentur
903 2377 1052 2402 sorores
1066 2367 1191 2409 nullis,
1210 2369 1282 2402 nisi
1297 2370 1342 2403 de
1356 2371 1713 2414 congregationibus

87 2423 262 2462 existant,
281 2423 394 2456 etiam
418 2423 582 2464 propriis
606 2423 882 2456 confessoribus
906 2424 978 2457 ista
1007 2423 1188 2457 revelare.
1221 2424 1314 2463 Quia
1341 2424 1430 2458 licet
1457 2426 1565 2458 multi
1593 2436 1714 2460 sacer·

88 2479 207 2518 dotes,
233 2478 351 2518 aiunt,
376 2478 497 2510 sciant
519 2476 649 2517 multa,
678 2480 816 2518 tamen,
843 2479 930 2520 quia
954 2488 1040 2512 raro
1066 2478 1205 2512 habent
1229 2489 1401 2522 saporem
1425 2481 1710 2522 scripturarum,

87 2535 216 2567 sancta
240 2542 313 2566 non
341 2533 516 2565 videntur
539 2532 594 2565 eis
626 2533 733 2566 bona.
760 2534 918 2576 Propter
945 2535 1043 2575 quod
1076 2543 1150 2567 una
1173 2535 1252 2567 vice
1288 2543 1372 2567 cum
1397 2535 1586 2576 timerent,
1612 2538 1710 2578 quod

87 2588 348 2622 observantiae
372 2587 552 2629 praelatis
577 2587 758 2621 ecclesiae
786 2589 1059 2629 revelarentur,
1087 2589 1243 2622 consilio
1268 2590 1372 2622 unito
1397 2590 1621 2624 deliberavit
1638 2602 1712 2626 una

86 2644 165 2676 tota
189 2643 449 2686 congregatim
479 2641 693 2684 hujusmodi
726 2643 981 2677 observantias
1012 2644 1136 2685 potius
1167 2653 1250 2676 cum
1273 2645 1486 2685 juramento
1520 2648 1711 2689 negandas

85 2707 196 2740 quam
220 2699 324 2740 ipsis,
350 2698 485 2739 quibus
517 2698 667 2730 easdem
684 2698 884 2740 displicere
912 2700 1106 2738 timebant,
1133 2699 1309 2740 explicite
1334 2699 1567 2733 revelandas.
1597 2701 1710 2735 Intel-

85 2753 259 2787 lexerunt
283 2753 396 2792 enim,
415 2753 596 2794 quosdam
622 2752 792 2786 literatos
817 2756 854 2787 et
870 2754 1033 2787 famosos
1051 2755 1150 2787 viros
1174 2754 1220 2788 de
1237 2755 1369 2788 ordine
1387 2755 1708 2790 Carthusicnsium

85 2810 301 2842 constanter
331 2808 534 2848 affirmare,
563 2809 662 2849 quod
692 2810 814 2842 status
846 2818 989 2849 eorum,
1022 2809 1133 2842 salvis
1164 2810 1313 2843 statutis
1340 2811 1379 2843 et
1410 2811 1708 2845 ordinationibus

85 2863 282 2905 ecclesiae,
306 2872 380 2896 non
405 2865 532 2905 posset
556 2863 771 2898 subsistere.
802 2864 893 2898 Cum
921 2866 1045 2898 autem
1074 2874 1149 2898 una
1175 2865 1221 2898 de
1249 2865 1472 2905 senioribus,
1498 2869 1601 2900 mota
1623 2877 1708 2900 con-

86 2918 254 2960 scientia,
287 2927 417 2953 omnes
450 2918 706 2954 observantias
730 2921 1026 2964 conscripsisset,
1059 2922 1097 2954 ct
1128 2921 1174 2954 ad
1205 2921 1409 2964 petendum
1447 2921 1643 2957 consilium
1685 2932 1708 2958 a
