2050 3470
805 267 943 302 ANNO
970 267 1056 302 1418
1684 271 1749 303 219

99 380 301 422 paupertas
315 378 501 412 veraciter
514 388 580 412 seu
593 378 790 412 meritorie
805 379 1013 419 inuenitur,
1026 378 1178 421 oportet
1191 378 1287 420 quod
1303 379 1516 412 necessario
1531 380 1749 416 obedientia

99 437 138 470 et
154 437 306 469 castitas
323 436 511 469 veraciter
537 445 603 469 seu
629 435 826 469 meritorie
853 436 1111 469 inueniantur.
1140 436 1330 469 Probatur
1353 436 1437 475 ista,
1464 437 1553 478 quia
1577 447 1674 479 papa
1695 438 1749 471 sic

99 492 227 534 arguit
243 492 281 524 in
299 490 481 524 decretali
501 491 593 525 Cum
610 489 655 524 de
671 489 911 535 quibusdam.
928 492 999 530 Qui
1020 501 1093 524 non
1111 491 1336 524 renunciant
1361 492 1538 533 proprijs,
1565 503 1638 525 non
1662 497 1749 526 sunt.

99 546 299 589 religiosi3
327 555 419 589 crgo
445 548 608 589 proprijs
636 547 903 579 renunciantes
934 548 1021 579 sunt
1045 546 1232 589 religiosi,
1259 547 1297 579 et
1322 547 1443 579 omnis
1469 547 1673 590 religiosus
1692 547 1750 579 cst

99 602 313 636 necessario
331 602 442 635 simul
461 612 546 635 cum
569 603 794 644 paupertate
821 602 867 634 ad
889 602 964 635 alia
989 602 1062 635 duo
1088 601 1248 634 consilia
1273 602 1459 635 veraciter
1482 601 1685 645 obligatuS,
1711 601 1750 634 et

99 658 242 691 cetera.

145 711 243 747 Ordo
259 717 292 747 ec
309 723 492 746 numerus
507 712 756 746 articulorum
773 718 807 746 et
823 712 1108 746 conclusionum
1120 712 1392 756 predictorum.

140 768 167 810 j.
188 769 406 810 Proprietas
419 767 688 810 temporalium
702 777 831 801 rerum
850 768 964 801 statui
979 767 1142 801 seculari
1161 767 1417 801 essentialiter
1430 769 1486 801 est
1499 776 1660 801 annexa.

142 823 181 865 ij.
201 823 337 856 Nullus
355 824 436 856 sine
454 825 608 865 peccato
626 824 749 865 potest
767 822 861 856 illud
879 824 1046 865 abjicere
1064 833 1137 865 quo
1156 825 1303 857 retento
1330 824 1455 866 potest
1476 822 1750 856 conuenienter

97 878 228 912 viuere
243 879 448 912 secundum
465 880 603 912 statum
622 888 746 911 suum.

141 933 198 975 iij.
217 933 355 968 Omnes
371 936 540 977 peccant,
555 934 619 976 qui
638 935 736 967 bona
749 942 817 967 sua
833 933 1060 976 simpliciter
1073 935 1110 967 in
1128 934 1387 976 elemosynam
1405 934 1624 977 largiuntur
1636 944 1745 976 prop—

98 989 160 1021 ter
177 989 380 1023 Christum.

143 1044 212 1087 iiij.
229 1045 518 1078 Abdicationem
533 1044 701 1077 omnium
718 1045 876 1086 propter
889 1043 1081 1077 Christum
1098 1044 1224 1077 nullus
1239 1046 1365 1078 facere
1381 1044 1505 1086 potest
1518 1044 1626 1077 extra
1639 1052 1748 1076 veras

97 1101 306 1143 religiones
330 1100 515 1133 manendo
541 1099 623 1133 sine
648 1100 802 1141 peccato
827 1098 982 1132 mortali
1007 1100 1045 1131 et
1069 1099 1152 1131 dico
1178 1108 1286 1132 veras
1304 1098 1512 1142 religiones
1536 1108 1606 1141 per
1621 1098 1748 1132 sedem

99 1155 346 1200 apostolicam
363 1156 605 1198 approbatas.

143 1222 176 1246 v.
204 1212 308 1254 Papa
340 1221 414 1244 non
442 1211 567 1253 potest
595 1211 816 1253 dispensare
848 1219 933 1243 cum
963 1209 1212 1251 secularibus,
1243 1211 1285 1243 ut
1314 1210 1488 1243 omnibus
1519 1209 1557 1242 in
1586 1209 1749 1243 seculari

99 1268 266 1302 careant.
1708 1275 1712 1278 ·

143 1324 193 1365 vj.
212 1323 249 1356 Si
264 1330 362 1365 papa
377 1321 504 1364 posset
518 1319 632 1353 alicui
649 1321 859 1354 concedere
876 1320 960 1361 hoc,
980 1321 1069 1353 tunc
1083 1322 1210 1362 posset
1225 1321 1259 1354 ei
1278 1321 1486 1354 concedere
1504 1319 1658 1362 proprie
1671 1319 1748 1352 vite

100 1378 411 1417 subtractionem,
426 1377 525 1418 quod
540 1377 596 1409 est
613 1378 746 1409 contra
758 1377 981 1419 preceptum
1000 1376 1174 1419 decalogi
1191 1387 1198 1409 ;
1220 1377 1303 1409 Νο11
1322 1376 1483 1408 occides.

142 1434 205 1475 vij.
224 1433 445 1476 Religiosus
462 1442 536 1464 non
556 1433 681 1474 potest
698 1432 778 1465 sine
794 1434 949 1474 peccato
968 1431 1121 1465 mortali
1139 1432 1316 1465 abdicare
1333 1430 1569 1466 voluntatem
1587 1431 1751 1467 habendi

99 1489 328 1529 communia,
345 1488 494 1529 quando
508 1489 593 1520 actu
607 1487 700 1520 talia
717 1497 792 1520 non
806 1487 934 1521 habet.

144 1545 220 1586 viij.
241 1545 348 1584 Quod
366 1544 503 1586 aliquis
529 1544 577 1576 sit
594 1543 810 1578 voluntarie
835 1553 980 1586 pauper
1003 1545 1160 1586 propter
1184 1543 1374 1578 Christum
1395 1545 1433 1577 in
1450 1544 1578 1578 seculo
1596 1553 1752 1578 manens

101 1600 253 1633 omnino
268 1599 363 1633 nihil
377 1600 552 1633 habendo
566 1600 605 1632 in
620 1599 807 1643 singulari
821 1609 891 1633 nec
904 1600 1019 1633 etiam
1033 1599 1155 1642 ipsam
1167 1599 1401 1633 voluntatem
1420 1600 1583 1634 habendi
1597 1600 1753 1642 propria

101 1655 261 1689 includit
277 1655 379 1688 omni
395 1656 567 1697 tempore
584 1655 940 1688 contradictionem.

146 1711 198 1744 ix.
216 1710 354 1745 Nullus
370 1712 496 1753 potest
522 1711 757 1753 paupertatis
778 1710 979 1743 consilium
1005 1711 1201 1744 meritorie
1228 1711 1446 1753 obseruare,
1475 1711 1547 1744 nisi
1573 1711 1690 1744 fuerit
1714 1711 1753 1744 in

101 1767 201 1800 statu
219 1766 430 1809 spiritualis
443 1766 692 1809 perfectionis
706 1766 784 1799 sive
798 1776 887 1800 vere
900 1766 1114 1810 religionis,
1131 1767 1214 1799 dico
1231 1767 1359 1800 autem
1375 1776 1505 1800 veram
1523 1766 1752 1810 religionem

99 1822 265 1855 secundo
282 1822 394 1854 modo
408 1822 549 1855 dictam
566 1821 809 1864 religionem.

142 1887 177 1910 x.
196 1878 435 1920 Reputantes
460 1887 499 1910 se
528 1878 755 1911 benefacere
783 1878 1009 1911 assumendo
1042 1878 1321 1920 paupertatem,
1352 1886 1425 1919 que
1454 1878 1512 1911 est
1542 1876 1752 1910 Saluatoris

95 1933 308 1974 eonsilium,
324 1933 559 1966 remanendo
578 1933 616 1965 in
634 1934 734 1966 statu
753 1933 930 1973 seculari,
949 1936 1108 1976 peccant
1125 1933 1353 1967 mortaliter.

138 1989 188 2031 xj.
208 1989 396 2022 Abdicare
415 1989 543 2021 omnia
560 1989 675 2022 etiam
689 1990 846 2031 propter
870 1989 1076 2029 Christum,
1096 1989 1169 2022 nisi
1186 1998 1315 2022 veram
1346 1990 1383 2022 et
1410 1989 1659 2030 approbatam
1686 1996 1749 2020 re-

94 2044 281 2087 ligionem
312 2044 567 2087 ingrediatur,
599 2045 656 2077 est
687 2045 760 2076 sibi
792 2045 829 2077 et
863 2045 953 2084 suis,
988 2054 1149 2086 quorum
1180 2054 1274 2078 cura
1302 2045 1373 2077 sibi
1406 2044 1603 2082 incumbit,
1634 2043 1750 2076 vitam

95 2100 332 2139 subtrahere,
354 2100 453 2142 quod
484 2101 542 2132 est
568 2099 817 2145 homicidium
846 2100 1086 2134 committere
1103 2102 1159 2133 tot
1188 2100 1384 2133 hominum
1416 2101 1508 2141 quot
1536 2095 1651 2132 etiam
1669 2099 1751 2132 eius

95 2165 187 2189 cure
204 2156 430 2189 subduntur.
646 2198 647 2201 Ἴ
781 2146 800 2158 “

139 2212 202 2254 xij.
223 2211 428 2245 Credentes
452 2220 491 2245 se
520 2212 662 2245 mereri
691 2212 809 2244 vitam
839 2213 1010 2245 eternam
1038 2211 1106 2245 tali
1123 2212 1364 2245 abdicatione
1391 2211 1552 2244 credunt
1577 2219 1616 2244 sc
1640 2219 1750 2252 posse

94 2267 235 2300 mereri
248 2267 366 2300 vitam
383 2269 556 2300 eternam
574 2267 792 2300 mortaliter
815 2268 1022 2310 peccando.

140 2322 220 2364 xiij.
240 2323 393 2355 Effundi
410 2332 540 2356 omnes
557 2332 646 2365 opes
657 2322 770 2356 simul
788 2324 834 2356 ab
848 2323 920 2364 liis,
934 2324 998 2365 qui
1021 2323 1153 2357 volunt
1166 2324 1205 2356 in
1223 2323 1351 2357 seculo
1366 2332 1532 2363 manere,
1553 2322 1749 2355 reducitur

96 2377 203 2419 quasi
217 2378 437 2411 immediate
454 2379 501 2411 ad
514 2378 610 2412 illud
628 2380 852 2421 preceptum
868 2390 875 2412 :
896 2380 980 2412 Non
999 2380 1167 2413 occides.

139 2433 234 2474 xiiij.
255 2433 393 2466 Dicens
411 2433 537 2466 omnia
554 2433 750 2466 meritorie
768 2443 850 2468 esse
865 2435 1080 2476 abjicienda
1093 2435 1250 2477 propter
1268 2434 1463 2467 Christum
1480 2436 1693 2470 remanenti
1712 2436 1750 2469 in

97 2487 224 2520 seculo
242 2489 299 2521 est
315 2487 507 2521 hereticus
525 2488 762 2522 iudicandus.

142 2553 199 2576 xv.
221 2543 358 2577 Nullus
386 2545 512 2586 potest
528 2545 725 2578 meritorie
755 2546 793 2578 et
810 2546 1017 2579 secundum
1046 2547 1166 2580 Deum
1192 2546 1427 2586 obedientie,
1457 2548 1695 2590 paupertatis
1713 2549 1750 2582 et

98 2600 282 2633 castitatis
300 2600 460 2633 consilia
477 2601 586 2633 extra
602 2609 710 2634 veras
724 2602 760 2634 et
775 2602 1002 2643 approbatas
1020 2602 1228 2645 religiones
1245 2604 1432 2636 manendo
1449 2603 1674 2646 adimplere.

142 2656 216 2697 xvj.
236 2656 327 2689 Tria
352 2656 561 2689 Saluatoris
585 2656 745 2690 consilia
762 2659 849 2690 sunt
873 2658 926 2690 sic
951 2659 1211 2697 concatenata,
1231 2660 1284 2697 ut,
1305 2658 1370 2690 ubi
1394 2662 1600 2701 paupertas
1627 2661 1749 2694 meri-

99 2711 196 2744 torie
214 2711 252 2743 in
271 2712 452 2753 quantum
470 2713 526 2744 cst
545 2711 753 2745 Saluatoris
772 2712 972 2746 consilium
986 2713 1194 2753 inuenitur,
1214 2714 1364 2755 oportet
1380 2715 1422 2747 ut
1442 2716 1656 2749 necessario
1676 2716 1752 2749 alia

99 2767 185 2806 duo,
202 2765 341 2799 scilicit
358 2767 511 2800 castitas
528 2768 566 2800 et
580 2767 808 2808 obedientia,
835 2769 1095 2808 inueniantur‚
1115 2778 1188 2811 que
1206 2779 1228 2802 a
1241 2770 1467 2811 paupertate
1486 2772 1656 2812 separari
1674 2782 1748 2805 non

100 2823 270 2864 possunt.

143 2877 230 2919 xvij.
242 2877 415 2910 Matrone
429 2887 495 2911 seu
510 2878 690 2912 mulieres
705 2889 944 2913 communem
962 2879 1076 2912 vitani
1094 2880 1274 2914 ducentes
1292 2881 1443 2914 insimul
1458 2883 1748 2923 commorantes,

100 2933 264 2975 Begutte
279 2932 489 2976 vulgariter
506 2938 733 2976 nuncupate,
752 2944 995 2977 quoscunque
1013 2944 1163 2968 errores
1192 2945 1265 2968 non
1286 2938 1459 2970 tenentes
1476 2939 1540 2970 aut
1558 2938 1755 2980 predican-

102 2989 159 3021 tcs
191 2997 256 3022 seu
294 2987 388 3022 alias
424 2989 470 3023 de
513 2990 707 3023 erroribus
746 2991 805 3024 vel
845 2991 1014 3024 heretica
1049 2992 1240 3033 prauitate
1280 3001 1354 3025 non
1391 2995 1577 3036 suspecte,
1619 2995 1752 3029 eterne

104 3043 362 3079 damnationis
379 3046 465 3078 sunt
482 3045 560 3080 filie
577 3047 612 3079 et
628 3054 760 3081 earum
776 3048 896 3081 status
913 3047 970 3081 est
984 3046 1200 3092 prohibitus
1217 3048 1256 3083 et
1272 3048 1487 3084 damnatus.
