2050 3470
287 287 351 321 192
981 281 1117 316 ANNO
1143 280 1223 314 1401

290 396 387 431 etde
402 394 595 428 laboribus
611 392 736 426 vivere
755 393 793 426 in
807 391 1009 432 communi,
1024 391 1112 424 dum
1127 392 1253 425 tamen
1267 400 1340 424 non
1357 391 1570 426 mendicent
1584 401 1593 434 3
1608 390 1721 425 etiam
1735 390 1832 433 quod
1845 394 1912 433 pro

291 453 459 493 tempore
475 449 614 482 habere
631 449 787 490 possunt
807 456 919 480 unam
937 446 996 480 vel
1021 442 1265 488 duas‘probas
1281 455 1472 488 personas,
1491 455 1585 488 quae
1603 446 1915 490 gubernationem

290 507 420 539 domus
445 504 619 542 habeant,
647 503 706 535 cui
730 501 789 535 vel
816 502 951 543 quibus
969 501 1107 542 absque
1131 502 1378 543 promissione
1402 501 1460 534 vel
1487 501 1718 544 obligatione
1743 501 1783 533 in
1805 500 1914 533 bonis

291 559 456 593 consiliis
490 557 548 590 vol
584 558 655 599 piis
691 557 842 589 monitis
881 556 1131 597 acquiescant,
1165 556 1261 588 sicut
1293 556 1382 588 boni
1415 555 1577 590 scolares
1609 556 1790 598 magistro
1822 564 1888 587 suo
1903 564 1912 595 3

291 614 463 656 quodque
480 613 592 645 etiam
610 612 713 644 licite
730 611 873 653 possint
890 610 1002 643 horas
1019 610 1199 652 temporis
1224 610 1402 648 dividere,
1427 610 1519 643 alias
1544 610 1689 643 scilicet
1705 619 1772 652 pro
1786 609 1911 642 divino

289 669 440 702 servitio
459 668 652 708 deputare,
672 668 712 698 ut
728 665 871 698 scilicet
896 665 1026 698 missas
1052 665 1219 704 audiant,
1246 665 1424 698 ecclesias
1449 666 1612 705 visitent,
1638 665 1804 706 reliquas
1826 673 1914 697 vero

290 733 357 766 pro
372 724 471 755 victu
488 723 525 755 ct
541 722 677 754 vestitu
695 720 868 753 laborent
885 719 1054 761 aliasque
1069 721 1185 752 bonas
1200 720 1488 753 consuetudines
1502 721 1538 753 et
1552 721 1632 762 pias
1648 719 1916 758 observantias,

291 777 490 811 dummodo
508 776 694 808 mandatis
712 775 848 807 divinis
866 775 903 807 et
920 774 1184 808 ecclesiasticis
1203 784 1276 807 non
1294 775 1514 815 contrarias,
1530 775 1633 808 licite
1648 775 1846 807 observare
1859 782 1914 813 ac,

290 833 403 875 prout
440 840 571 865 eorum
606 829 873 871 tranquillitati
909 831 946 862 et
975 829 1197 862 concordiae
1232 829 1290 861 vel
1328 830 1451 861 officio
1489 830 1675 872 congruit,
1712 829 1888 861 ordinare
1906 837 1916 869 ς

292 887 491 920 dummodo
521 887 643 918 tamen
675 894 807 917 novam
832 883 1058 926 religionem
1086 886 1217 916 contra
1241 884 1339 917 sedis
1364 884 1592 926 apostolicae
1623 883 1916 925 prohibitionem

292 952 366 975 non
390 941 587 974 instituant
610 948 678 972 nec
706 938 875 971 habitum
901 947 1017 971 novae
1048 938 1245 981 religionis
1261 940 1298 971 et
1315 938 1461 980 reliqua
1478 939 1608 971 contra
1631 938 1918 980 extravagantes

290 998 313 1030 J
318 996 474 1029 ohannis
490 994 602 1028 XXII
627 1004 700 1027 non
718 994 910 1026 assumant
927 1002 996 1026 nec
1012 993 1087 1026 alia
1105 993 1250 1033 illicita,
1267 993 1457 1035 prohibita
1474 993 1531 1026 vel
1550 1001 1709 1026 erronea
1721 992 1915 1033 usurpent,

291 1052 357 1085 sed
383 1051 508 1092 potius
531 1058 572 1082 se
595 1049 757 1081 invicem
782 1047 951 1089 aliosque
976 1048 1179 1081 secundum
1203 1049 1445 1090 praeceptum
1470 1047 1728 1091 evangelicum
1751 1047 1919 1080 fraterna

293 1105 529 1147 correptione
546 1104 721 1137 studeant
738 1104 784 1136 de
800 1102 943 1135 illicitis
959 1103 1156 1144 increpare
1173 1104 1209 1135 et
1227 1104 1272 1136 ad
1289 1103 1414 1135 omnia
1429 1102 1534 1135 licita
1549 1104 1587 1136 et
1610 1102 1766 1136 honesta
1789 1102 1827 1135 et
1849 1101 1919 1134 Dei

292 1161 485 1194 servitium
503 1159 575 1201 piis
592 1158 717 1191 verbis
734 1159 772 1191 et
781 1156 1032 1190 familiaribus
1051 1157 1250 1199 colloquiis
1264 1158 1479 1197 admonere,
1498 1157 1678 1190 ecclesiae
1691 1156 1868 1198 praelatis
1885 1155 1923 1188 et

294 1215 433 1248 curatis
457 1213 653 1246 humiliter
677 1213 837 1254 subjecti
862 1214 900 1245 et
916 1213 1135 1245 reverenter
1152 1213 1382 1252 obedientes,
1402 1213 1548 1253 quibus,
1563 1213 1605 1244 ut
1617 1212 1805 1252 tenentur,
1819 1211 1922 1243 dum-

292 1271 396 1303 taxat
411 1278 478 1302 sua
493 1269 648 1311 peccata
665 1268 711 1300 ad
729 1267 852 1299 minus
870 1266 988 1300 semel
1005 1267 1043 1300 in
1061 1276 1158 1300 anno
1177 1267 1449 1307 confiteantur;
1467 1267 1771 1299 informationem
1794 1266 1920 1298 tamen

293 1326 324 1358 si
342 1325 537 1367 indigeant
561 1324 600 1355 in
625 1323 896 1355 tentationibus
912 1321 971 1355 vel
986 1323 1223 1364 passionibus
1243 1331 1307 1355 seu
1320 1322 1534 1355 excessibus
1552 1322 1711 1363 animae,
1729 1320 1884 1363 possunt
1900 1329 1922 1353 a

294 1387 528 1421 quocumque
545 1378 700 1419 experto
719 1377 818 1409 inter
843 1386 882 1408 se
899 1376 958 1409 vel
976 1379 1083 1409 extra
1100 1377 1269 1418 recipere
1287 1378 1325 1409 et
1347 1377 1401 1408 ita
1424 1385 1535 1409 causa
1552 1375 1698 1409 consilii
1713 1375 1773 1408 vel
1790 1374 1920 1408 auxilii

294 1433 407 1467 alicui
423 1443 497 1466 non
511 1433 699 1466 sacerdoti
716 1432 943 1464 tentationes
959 1431 1018 1464 vel
1036 1433 1190 1473 peccata
1204 1432 1329 1464 dicere
1347 1440 1411 1464 seu
1431 1430 1653 1473 simpliciter
1677 1430 1837 1473 aperire,
1855 1430 1920 1462 ubi

294 1498 363 1522 nec
377 1489 419 1521 fit
435 1487 620 1521 absolutio
639 1496 707 1520 nec
723 1487 979 1529 poenitentiae
997 1487 1180 1527 injunctio
1199 1496 1267 1519 nec
1293 1486 1367 1519 alia
1390 1486 1688 1526 sacramentalia,
1706 1484 1919 1518 nullatenus

295 1545 352 1576 est
368 1543 543 1575 illicitum
561 1541 618 1574 vel
632 1541 911 1583 reprobandum
927 1551 936 1583 ς
955 1542 1070 1582 utque
1088 1541 1229 1574 erroris
1246 1542 1391 1574 foveam
1404 1540 1538 1574 melius
1555 1541 1732 1580 devitent,
1745 1541 1921 1581 frequen-

293 1600 352 1632 ter
365 1607 510 1631 sacram
528 1597 754 1638 scripturam
779 1597 817 1629 et
842 1594 958 1628 libros
984 1596 1200 1628 sanctorum
1217 1596 1442 1637 approbatos
1459 1596 1498 1628 in
1522 1596 1655 1628 Latino
1673 1604 1739 1627 seu
1755 1594 1869 1627 etiam
1881 1594 1920 1627 in

291 1653 441 1696 vulgari
470 1652 570 1685 edito
588 1651 731 1694 legant,
750 1651 949 1683 dummodo
968 1651 1101 1683 tamen
1116 1650 1303 1683 haeresim
1321 1659 1396 1682 non
1413 1650 1642 1690 contineant,
1661 1650 1726 1682 sed
1744 1650 1789 1682 de
1805 1649 1920 1681 mate·

295 1709 353 1741 ria
369 1707 480 1750 plana
496 1708 534 1740 et
551 1706 712 1747 simplici
729 1706 933 1738 secundum
950 1705 1160 1738 doctrinam
1179 1705 1473 1738 ecclesiasticam
1497 1705 1577 1737 sine
1600 1712 1733 1736 vocum
1756 1703 1921 1735 novitate

295 1772 362 1796 seu
378 1763 579 1795 verborum
596 1761 814 1794 curiositate
830 1761 1064 1802 pertractent
1080 1761 1117 1793 et
1134 1770 1282 1802 semper
1308 1760 1551 1802 expertorum
1573 1759 1741 1792 virorum
1765 1756 1922 1791 consilia

296 1816 504 1858 requirant.

338 1871 517 1904 Districte
534 1871 652 1913 igitur
668 1869 933 1911 praecipimus,
952 1870 993 1902 ut
1010 1869 1136 1902 nullus
1154 1870 1284 1902 contra
1297 1871 1462 1902 nostram
1480 1869 1672 1902 licentiam
1687 1868 1922 1911 praedictum

294 1927 446 1959 modum
462 1926 609 1958 vivendi
627 1925 773 1957 licitum
790 1926 828 1957 et
853 1925 932 1957 Deo
958 1926 1109 1967 gratum
1133 1925 1269 1957 audeat
1285 1925 1507 1967 impugnare
1532 1934 1597 1957 seu
1622 1924 1721 1965 ipsas
1742 1932 1922 1965 personas

295 1982 490 2014 occasione
502 1980 796 2022 praemissorum
812 1979 1094 2020 quomodolibet
1107 1979 1321 2012 molestare.
1341 1979 1385 2012 In
1399 1988 1558 2020 quorum
1575 1978 1741 2011 omnium
1757 1978 1921 2011 testimo-

295 2037 399 2069 nium
412 2035 580 2078 sigillum
595 2036 766 2067 nostrum
781 2034 954 2066 duximus
966 2035 1227 2076 praesentibus
1242 2035 1539 2076 appendendum.

338 2091 473 2124 Datum
485 2100 582 2124 anno
597 2089 749 2122 Domini
764 2088 861 2130 1401,
876 2089 1015 2122 mensis
1028 2089 1169 2131 Aprilis
1183 2090 1243 2122 die
1258 2089 1401 2123 ultima.

338 2146 382 2180 In
397 2154 556 2188 quorum
574 2145 741 2177 omnium
758 2144 1014 2177 testimonium
1027 2145 1065 2177 et
1079 2145 1271 2177 munimen
1287 2154 1466 2187 praesens
1483 2144 1673 2187 publicum
1689 2143 1923 2177 instrumen-

295 2202 374 2234 tum
402 2210 470 2242 per
499 2201 703 2232 discretum
730 2199 852 2231 virum
879 2198 1126 2232 Wilhelmum
1157 2199 1324 2240 Henrici,
1359 2199 1538 2233 clericum
1570 2200 1691 2233 dictae
1727 2199 1921 2239 dioecesis,

295 2255 487 2298 publicum
514 2253 703 2296 imperiali
739 2254 965 2286 auctoritate
1001 2253 1203 2295 notarium,
1234 2254 1418 2287 subscribi
1445 2255 1484 2287 et
1511 2253 1628 2297 sigilli
1660 2254 1773 2287 officii
1804 2253 1924 2287 nostri

296 2311 524 2353 appensione
538 2310 696 2342 fecimus
715 2309 866 2341 muniri.

339 2366 433 2398 Acta
450 2366 535 2397 sunt
551 2364 644 2397 haec
672 2364 710 2396 in
738 2363 897 2396 ecclesia
924 2364 1118 2405 praedicta
1148 2373 1245 2396 anno
1276 2364 1426 2396 Domini
1455 2363 1551 2405 1401,
1585 2363 1789 2396 indictione
1812 2371 1923 2402 nona,

298 2421 502 2453 secundum
535 2419 675 2458 stilum,
704 2427 813 2451 usum
844 2420 893 2451 et.
916 2441 923 2450 .
951 2419 1112 2451 civitatis
1137 2420 1174 2452 et
1206 2419 1387 2452 dioecesis
1416 2419 1668 2460 Trajectensis
1695 2418 1923 2460 praedictae,

298 2475 437 2507 mensis
455 2474 615 2516 Augusti
632 2474 692 2506 die
707 2473 763 2513 26,
782 2473 876 2506 hora
891 2482 1157 2514 versperarum
1174 2473 1232 2506 vel
1251 2474 1370 2514 quasi,
1389 2474 1629 2515 pontificatus
1646 2472 1870 2506 sanctissimi
1885 2472 1924 2504 in

299 2529 446 2561 Christo
460 2529 576 2570 patris
594 2538 635 2561 ac
653 2529 794 2560 domini
808 2528 925 2560 nostri
943 2528 1083 2560 domini
1102 2529 1287 2561 Bonifacii
1304 2529 1428 2561 divina
1452 2528 1688 2569 providentia
1703 2536 1822 2569 papae
1835 2526 1925 2559 noni

298 2593 395 2616 anno
414 2583 485 2624 120,
503 2583 763 2625 praesentibus
786 2583 1065 2615 venerabilibus
1082 2584 1120 2615 ct
1143 2583 1316 2616 discretis
1332 2584 1425 2615 viris
1444 2583 1605 2615 dominis
1622 2592 1665 2615 ac
1688 2581 1924 2624 magistris...

299 2639 493 2680 Lubberti‚
511 2638 703 2678 canonic0‚
732 2639 770 2670 et
796 2638 819 2671 J
823 2637 970 2670 ohanne
998 2638 1061 2670 ten
1086 2638 1215 2677 Bome,
1241 2638 1380 2670 vicario
1411 2637 1591 2670 ecclesiae
1619 2637 1738 2669 sancti
1765 2636 1924 2669 Lebuini

298 2693 526 2735 praedictae,
545 2702 587 2725 ac
604 2693 768 2725 Henrico
783 2693 842 2725 ter
859 2692 1016 2731 Porten,
1035 2692 1131 2724 laico
1150 2693 1271 2725 dictae
1285 2692 1480 2732 dioecesis,
1497 2692 1653 2724 testibus
1667 2692 1740 2724 fide
1757 2691 1922 2733 dignis...

343 2748 391 2780 Et
408 2756 479 2790 ego
495 2746 723 2781 Wilhelmus
741 2747 912 2788 Henrici‚
937 2746 1096 2779 clericus
1121 2747 1373 2789 Trajectensis
1398 2747 1592 2786 dioecesis,
1617 2746 1788 2788 publicus
1804 2746 1924 2787 impe-

300 2802 387 2835 riali
404 2802 629 2836 auctoritate
646 2803 684 2835 et
698 2802 890 2834 ordinaria
906 2801 1133 2835 admissione
1146 2802 1371 2842 notarius‚...
1398 2802 1469 2835 etc.

648 2872 806 2907 Archief
832 2882 902 2906 van
942 2872 1008 2905 het
1039 2873 1286 2906 aartsbisdom
1320 2872 1493 2912 Utrecht,
1529 2871 1812 2914 oorsponkelijk
1845 2879 1928 2913 per-

693 2928 848 2961 kament
878 2927 1070 2970 dragende
1102 2928 1160 2961 ter
1190 2928 1409 2971 ruggezijde
1439 2927 1505 2961 het
1528 2927 1728 2970 opschrift:
1759 2926 1923 2960 «Trans-

691 2983 880 3024 sumptum
919 2991 1004 3016 cum
1041 2982 1167 3026 sigillo
1206 2982 1389 3016 officialis·
1413 2982 1707 3023 Daventriensis,
1736 2982 1781 3016 de
1814 2980 1925 3014 modo
