2107 3501
673 805 1276 852 CHRONOLOGISCHE
1340 806 1516 849 LIJST

319 1080 693 1137 PAUSELIJKE
741 1080 818 1135 EN
873 1078 1419 1135 BISSGHOPPELIJKE
1469 1077 1896 1135 INQUISITEURS

854 1220 903 1259 in
930 1222 989 1259 de
1017 1221 1357 1259 Nederlanden

678 1342 757 1385 tot
793 1335 1131 1398 aanvulling
1165 1350 1278 1384 van
1316 1335 1440 1383 deel
1481 1336 1524 1383 Ι.

299 1675 571 1719 1175-1177.
610 1672 879 1729 Hadulphus
912 1685 1003 1715 van
1036 1669 1315 1726 Zc'z'hrinyen,
1343 1668 1541 1724 bissehop
1566 1681 1649 1711 van
1674 1666 1799 1720 Luik,
1824 1680 1922 1710 ver-

534 1744 652 1799 volgt
685 1741 887 1785 Lambert
908 1742 948 1784 le
967 1739 1111 1796 Bbgue
1134 1752 1186 1781 en
1210 1739 1321 1796 ziJ'ne
1341 1738 1634 1794 aanhangers,
1670 1736 1796 1780 9-36.

301 1816 426 1858 1231.
465 1814 522 1855 De
541 1810 863 1864 aartsbisschop
889 1823 972 1852 van
996 1808 1120 1851 Trier
1152 1806 1421 1850 onderdrukt
1443 1806 1534 1849 drie
1558 1806 1920 1861 kettersgroepen

534 1882 576 1923 in
601 1881 713 1938 zijne
736 1878 982 1930 hoofdstad,
1009 1877 1162 1920 40-41.

298 1950 566 1994 1235-1236.
604 1948 795 1991 Broeder
816 1946 998 2000 Robert,
1024 1945 1285 2001 predikheer
1308 1958 1362 1988 en
1385 1942 1627 2001 pauselijke
1661 1940 1919 1998 inquisiteur

534 2019 576 2060 in
613 2019 689 2061 het
726 2016 979 2072 koninkrijk
1022 2015 1275 2072 Frankrijk,
1317 2015 1518 2070 vervolgt
1558 2010 1836 2068 hardnekkig
1866 2011 1920 2055 de

531 2087 698 2130 ketters
722 2085 766 2128 in
791 2085 1066 2127 Vlaanderen
1092 2097 1145 2126 en
1169 2083 1334 2136 Artois,
1355 2083 1510 2127 41-49.

299 2158 428 2202 1238.
462 2157 520 2200 De
544 2154 767 2211 Inquisitie
790 2154 833 2196 in
871 2154 947 2196 het
978 2153 1172 2197 klooster
1194 2153 1271 2195 der
1293 2151 1612 2208 predikheeren
1644 2152 1689 2194 te
1734 2149 1920 2194 Atrecht

532 2223 763 2280 ingesteld‚
799 2223 873 2266 49.

301 2293 546 2338 1290-1291
572 2292 590 2335 ἱ)
623 2293 800 2335 Protest
832 2291 908 2334 der
933 2290 1159 2334 Fransche
1186 2288 1470 2345 bisschoppen
1510 2290 1641 2344 tegen
1685 2287 1770 2332 den
1800 2284 1920 2342 prior

531 2362 607 2404 der
625 2361 847 2417 Parijsche
870 2360 1185 2416 predikheeren
1204 2360 1268 2402 als
1291 2358 1545 2414 inquisiteur
1568 2357 1610 2399 in
1633 2357 1710 2400 het
1731 2353 1919 2398 konink-

534 2429 617 2487 rijk
642 2428 892 2485 Frankrijk,
914 2428 1016 2471 300.

297 2500 425 2543 1307.
462 2500 520 2542 De
543 2496 805 2555 predikheer
845 2497 1019 2540 Willem
1041 2509 1131 2540 van
1177 2496 1353 2551 Paers,
1399 2495 1648 2550 algemeene
1681 2491 1918 2549 pauselijke

533 2566 793 2621 inquisiteur
815 2566 858 2608 in
883 2565 958 2608 het
980 2563 1234 2621 koninkrijk
1258 2562 1495 2619 Frankrijk
1513 2561 1674 2619 (linker
1690 2574 1821 2604 oever
1843 2560 1920 2603 der

531 2635 744 2690 Schelde)‚
771 2634 874 2677 leidt
917 2634 968 2676 de
1006 2633 1266 2689 vervolging
1298 2636 1428 2688 tegen
1468 2631 1519 2673 de
1556 2629 1912 2685 Tempelridders‚

532 2705 606 2755 53,
625 2704 762 2746 56-57
772 2736 781 2747 .

300 2773 425 2816 1309.
451 2774 658 2822 Ηοίἱηιιε,
680 2771 818 2814 deken
842 2771 917 2813 der
941 2769 1306 2814 St-Servaaskerk
1328 2772 1371 2812 te
1395 2768 1668 2820 Maastricht,
1695 2767 1918 2824 algemeen

538 2839 775 2895 pauselijke
809 2838 1065 2893 inquisiteur
1088 2851 1140 2892 op
1163 2837 1244 2879 den
1270 2837 1444 2879 rechter
1475 2849 1603 2879 oever
1628 2835 1705 2878 der
1735 2833 1915 2877 Schelde

534 2908 573 2949 in
599 2907 649 2949 de
669 2907 776 2949 zaak
798 2907 875 2949 der·
898 2905 1255 2962 Tempelridders,
1283 2906 1386 2949 385.

299 2976 350 3019 13
383 2976 425 3018 Ο.
466 2977 521 3018 De
546 2975 783 3032 pauselijke
817 2974 1074 3030 inquisiteur
1118 2975 1294 3017 Willem
1325 2987 1417 3017 van
1450 2973 1608 3028 Parijs
1643 2971 1747 3015 leidt
1767 2970 1916 3014 aldaar
