2050 3470
223 310 266 342 ’28
862 307 999 341 ANNO
1026 307 1213 340 1175-1177

224 420 498 463 predecessoris
515 419 680 461 episcopi
698 419 793 451 bone
810 418 991 451 memorie
1015 417 1198 458 Heinrici,
1225 419 1269 451 ad
1287 428 1412 452 sacros
1436 420 1586 454 ordines
1610 423 1747 463 passim
1771 431 1845 456 non

225 477 362 509 debere
378 475 587 516 promoveri
604 485 612 511 3
638 474 877 515 presbyteros
895 474 932 505 et
956 473 1112 505 clericos
1129 474 1332 506 secundum
1356 474 1548 507 decretum
1564 475 1726 518 Eugenii
1750 487 1845 519 pape

223 532 260 563 in
278 530 456 563 Remensi
474 528 633 561 concilio
652 528 930 570 promulgatum
952 528 1120 569 preciose
1137 528 1301 561 tincture
1317 529 1482 562 vestibus
1507 539 1575 563 nec
1592 532 1688 564 fissis
1705 533 1791 565 ante
1807 533 1847 565 et

224 587 325 618 retro
355 584 582 617 indumentis
607 584 743 616 debere
760 584 838 623 uti;
864 583 900 614 in
931 581 1216 624 regeneratione
1240 582 1481 624 parvulorum
1512 585 1557 618 ad
1582 594 1645 618 eos
1669 586 1715 619 de
1739 596 1844 619 sacro

224 642 325 672 sonte
358 639 534 672 levandos
566 648 638 671 non
667 638 827 679 amplius
856 646 967 678 quam
999 637 1069 676 III,
1095 638 1190 669 sicut
1214 638 1285 679 ipsi
1309 638 1348 670 in
1373 639 1502 671 eadem
1529 639 1688 673 ecclesia
1710 641 1845 673 consti-

223 698 385 734 tuerant,
405 695 540 726 debere
558 694 705 725 admitti
724 704 732 732 ς
752 693 789 724 in
807 693 1005 725 missarum
1029 691 1358 732 celebrationibus,
1377 694 1474 733 quod
1492 695 1712 734 quibusdam
1729 696 1844 728 moris

222 752 277 783 cst
295 749 681 791 pseudopresbyteris,
715 748 958 779 divinat-ionis
989 748 1164 788 portenta
1187 757 1260 779 non
1284 748 1422 781 debere
1439 749 1592 781 attendi.
1624 749 1703 788 Que
1720 750 1847 783 omnia

223 816 296 838 non
313 804 530 846 predicandi
549 803 671 835 studio
701 805 764 834 aut
781 803 945 835 edictum
961 801 1104 843 aliquid
1132 802 1306 843 ponendi,
1334 803 1398 835 sed
1421 803 1545 844 potius
1568 804 1694 836 diruta
1708 805 1846 837 restau-

222 860 329 893 randi
361 860 406 891 ab
440 859 507 898 eis,
536 867 595 890 me
624 857 893 899 pronunciasse
920 857 1087 889 veridica
1117 858 1324 889 assertione
1357 858 1549 890 confirmo.
1581 857 1684 891 Nihil
1720 859 1844 892 tamen

222 924 364 954 eorum,
398 923 470 955 que
501 914 623 946 denuo
657 912 843 945 statuendi
872 912 1083 945 intentione
1114 912 1406 953 depromseram,
1443 913 1598 946 tractari
1624 913 1754 946 videns
1782 914 1846 946 aut

222 970 488 1012 redintegrari,
525 968 629 1001 nulla
660 968 809 1009 penitus
837 968 875 1000 in
899 976 959 1000 me
987 967 1087 1000 dicta
1115 968 1301 1000 sententia
1328 967 1407 1000 sive
1441 967 1533 1000 mihi
1565 969 1664 1001 facta
1691 969 1832 1010 injuria

222 1024 385 1056 libenter
401 1033 485 1056 cum
502 1022 724 1064 quibusdam
741 1021 826 1055 aliis
843 1023 889 1055 de
906 1023 989 1054 cetu
1007 1031 1138 1054 eorum
1156 1030 1330 1064 egressus
1347 1031 1442 1054 sum.

265 1078 345 1110 Hoc
370 1086 517 1119 quoque
552 1076 784 1109 criminando
816 1077 1010 1117 adjiciunt,
1050 1076 1149 1117 quod
1180 1085 1249 1117 per
1283 1084 1342 1107 me
1378 1076 1695 1118 peregrinationis
1725 1078 1843 1110 trans-

221 1134 364 1165 marine
389 1134 425 1165 et
441 1142 530 1165 usus
553 1132 729 1164 visitandi
747 1131 964 1173 sepuldrum
981 1131 1130 1164 Domini
1153 1139 1222 1172 per
1238 1140 1298 1164 me
1316 1131 1364 1162 sit
1393 1130 1567 1163 abolitus.
1598 1132 1681 1164 Non
1698 1131 1844 1166 abolevi

221 1188 323 1220 certe
358 1188 495 1220 bonum
534 1187 604 1219 hoc
635 1195 757 1227 neque
785 1185 939 1218 abolere
972 1185 1165 1227 temptavi,
1199 1185 1264 1218 sed
1292 1185 1363 1217 hoc
1397 1186 1547 1218 incaute
1586 1187 1623 1219 et
1658 1186 1845 1220 inutiliter

220 1243 401 1286 plurimos
425 1243 649 1284 attemptare
677 1241 923 1282 perspiciens,
957 1240 1002 1273 ad
1031 1240 1251 1282 diligentius
1283 1241 1394 1281 atque
1423 1239 1609 1273 salubrius
1641 1250 1843 1282 exsequen-

220 1299 309 1331 dum
336 1300 399 1330 aut
425 1299 526 1330 certe
555 1297 594 1329 in
623 1296 759 1329 melius
798 1296 1102 1327 commutandum
1134 1296 1354 1336 frequenter
1392 1296 1673 1328 commonefeci.
1715 1296 1845 1337 Siquid

220 1352 329 1385 multi
353 1361 483 1385 eorum
511 1352 649 1393 partim
683 1351 836 1384 cedibus
858 1351 895 1382 et
917 1350 1072 1392 rapinis,
1106 1350 1243 1391 partim
1267 1350 1648 1383 circumventionibus
1677 1351 1716 1384 et
1745 1352 1844 1383 frau-

220 1408 411 1447 dulentiiS,
452 1408 516 1439 aut
554 1405 628 1439 alio
669 1405 794 1447 aliquo
835 1414 975 1448 genere
1014 1405 1244 1447 gravaminis
1285 1405 1543 1446 proximorum
1577 1406 1709 1447 opibus
1747 1405 1846 1438 male

220 1463 420 1506 congestis,
460 1470 581 1503 neque
616 1460 879 1502 quadruplum,
913 1461 1009 1493 sicut
1043 1459 1221 1498 Zacheus,
1258 1469 1379 1501 neque
1417 1459 1547 1493 saltem
1581 1459 1756 1502 simplum
1790 1460 1845 1493 eis

218 1518 467 1551 restituebant
500 1516 666 1556 allatum,
699 1517 735 1548 et
769 1516 901 1547 contra
939 1514 1119 1548 Veritatis
1149 1515 1368 1556 preceptum
1397 1515 1578 1547 fratribus
1616 1524 1690 1547 non
1728 1525 1844 1548 unum

219 1572 373 1614 aliquid,
406 1572 471 1604 sed
504 1571 622 1604 multa
653 1572 690 1603 et
718 1571 850 1613 gravia
879 1570 1076 1602 adversum
1110 1578 1174 1602 eos
1202 1569 1440 1610 habentibus,
1471 1570 1510 1605 in
1545 1569 1683 1611 templo
1715 1570 1842 1603 sancto

217 1628 309 1669 ejus,
340 1628 438 1668 quod
463 1628 519 1659 est
542 1627 581 1658 in
606 1618 857 1664 herusalem,
895 1625 930 1657 ei
965 1625 1101 1657 offerre
1128 1633 1285 1657 munera
1322 1625 1574 1666 preparabant
1611 1634 1685 1657 non
1724 1626 1842 1658 atten-

215 1684 346 1716 dentes
363 1681 461 1723 quod
477 1681 658 1722 scriptum
675 1681 730 1713 est
745 1690 751 1712 :
773 1694 788 1706 <a
804 1680 873 1718 Qui
892 1680 1002 1712 offert
1018 1679 1244 1711 sacrificium
1258 1679 1303 1711 de
1321 1679 1531 1711 substantia
1546 1679 1735 1720 pauperis,
1751 1689 1793 1712 ac
1810 1680 1842 1712 si

216 1738 382 1770 victimet
394 1736 513 1769 filium
528 1736 568 1768 in
584 1736 785 1776 conspectu
810 1735 950 1776 patris3
971 1750 986 1762 „
1013 1736 1049 1767 et
1074 1734 1165 1767 item
1185 1743 1192 1766 :
1221 1748 1236 1760 ιι
1259 1733 1419 1766 Victime
1444 1734 1646 1775 impiorum
1675 1734 1840 1767 abhomi-

215 1792 358 1825 nabiles
387 1792 559 1830 Domino,
593 1800 663 1832 que
688 1791 899 1823 offeruntur
925 1798 971 1822 ex
996 1789 1138 1822 scelere
1157 1804 1187 1828 „‚
1213 1798 1260 1821 ne
1276 1789 1398 1831 igitur
1415 1798 1454 1822 se
1478 1790 1579 1830 ipsos
1602 1788 1777 1822 fallentes
1801 1790 1842 1822 in

214 1857 350 1880 vanum
387 1846 615 1884 laborarent,
641 1845 796 1886 insuper
819 1846 857 1877 et
895 1844 1015 1877 Deum
1047 1844 1136 1885 quia
1169 1843 1352 1885 placando
1385 1843 1538 1886 gravius
1579 1845 1840 1885 provocarent,

214 1902 431 1943 frequenter
447 1909 505 1933 me
531 1908 594 1932 eos
618 1899 892 1932 commonuisse
916 1898 1065 1939 recolo;
1091 1898 1240 1931 ceteros
1263 1907 1365 1937 vero,
1395 1898 1460 1939 qui
1494 1907 1542 1931 ex
1558 1898 1725 1931 honestis
1742 1898 1842 1932 labo-

215 1956 318 1988 ribus
335 1958 372 1988 et
397 1957 497 1997 J'uste
521 1955 714 1996 acquisitis
738 1954 985 1986 substantiam
1010 1953 1190 1986 habentes
1215 1953 1357 1991 mundi,
1385 1954 1424 1986 et
1440 1953 1568 1994 patres
1586 1962 1672 1986 suos
1687 1961 1840 1987 necesse

214 2010 353 2043 habere
369 2010 550 2049 videntes,
580 2010 725 2042 viscera
741 2018 808 2041 sua
832 2009 876 2042 ab
901 2009 955 2041 eis
983 2008 1209 2041 claudebant
1234 2008 1271 2040 et
1295 2008 1349 2039 sic
1378 2016 1463 2040 cum
1493 2007 1640 2049 magnis
1667 2007 1841 2049 expensis

212 2065 467 2099 Jherosolima
495 2073 572 2097 sive
607 2063 652 2097 ad
676 2064 752 2097 alia
782 2064 997 2096 sanctorum
1027 2063 1111 2095 loca
1137 2063 1403 2104 properabant,
1429 2072 1502 2095 non
1519 2063 1560 2094 ut
1587 2061 1763 2103 laqueum
1786 2062 1841 2095 eis

215 2121 422 2163 injicerem,
449 2121 513 2153 sed
530 2120 575 2152 ad
593 2120 630 2152 id
656 2119 754 2160 quod
780 2118 915 2151 melius
931 2120 988 2151 est
1004 2127 1259 2159 provocarem,
1285 2118 1387 2150 omni
1409 2119 1532 2150 fateor
1554 2117 1676 2150 studio
1701 2117 1841 2149 denun-

214 2176 316 2214 tiavi,
332 2186 377 2209 ne
394 2177 496 2208 recte
509 2175 713 2213 offerendo,
726 2175 828 2207 recte
842 2174 966 2206 autem
980 2183 1053 2206 non
1067 2173 1266 2205 dividendo
1283 2173 1492 2214 peccantes,
1506 2173 1657 2205 irritum
1672 2172 1841 2205 facerent

216 2231 429 2264 mandatum
461 2230 530 2263 Dei
562 2231 717 2271 propter
745 2237 830 2261 suas
861 2228 1095 2260 traditiones.
1122 2228 1219 2260 Nam
1254 2228 1354 2261 Deus
1382 2227 1501 2259 dixit:
1535 2240 1551 2253 «ι
1570 2226 1719 2268 Frange
1758 2234 1839 2258 esu—

215 2286 329 2319 rienti
342 2293 478 2327 panem
491 2286 610 2324 tuum,
629 2285 716 2324 etc.‚
735 2285 805 2316 etc.
823 2293 831 2324 3
851 2282 942 2315 Cum
957 2283 1097 2314 videris
1114 2283 1266 2321 nudum,
1285 2282 1390 2323 operi
1403 2297 1433 2320 „‚
1447 2282 1616 2321 etc.,etc.
1629 2280 1678 2313 Et
1692 2280 1839 2313 Veritas

215 2350 283 2383 per
307 2349 345 2372 se
362 2341 482 2381 ipsam
499 2349 506 2371 :
535 2353 550 2366 u
564 2339 692 2371 Vende
711 2339 747 2371 et
764 2338 811 2371 da
825 2338 1053 2380 pauperibus
1073 2353 1103 2369 m
1129 2337 1178 2370 Et
1200 2338 1238 2369 in
1261 2337 1402 2379 J'udicio
1419 2345 1459 2369 se
1481 2336 1646 2378 predixit
1668 2335 1839 2377 reprobis

217 2396 531 2437 exprobraturum
560 2395 671 2435 atque
700 2394 910 2425 dicturum:
942 2391 1135 2431 “Esurivi,
1168 2392 1281 2431 sitivi,
1305 2391 1425 2423 nudus
1457 2391 1525 2430 fui,
1554 2390 1689 2431 hospes
1720 2399 1836 2430 eram,

218 2450 388 2482 infirmus
401 2451 439 2482 et
455 2450 493 2481 in
511 2457 674 2488 carcere,
690 2449 726 2481 et
739 2458 813 2480 non
826 2447 1066 2479 ministrastis
1083 2446 1175 2478 mihi
1191 2461 1221 2478 m
1247 2446 1369 2484 Quare
1387 2455 1478 2488 ergo
1495 2446 1566 2478 iste
1581 2445 1701 2478 frater
1716 2445 1762 2477 ad
1778 2453 1838 2478 me

216 2515 283 2547 pro
308 2504 439 2537 talium
459 2505 667 2538 assertione
698 2503 972 2536 incarceratum
997 2503 1061 2534 aut
1086 2501 1221 2543 aliquis
1238 2510 1391 2533 suorum
1414 2511 1487 2533 non
1503 2501 1617 2539 venit,
1636 2500 1672 2533 et
1688 2499 1837 2532 manda-

217 2561 294 2592 tum
314 2560 381 2592 Dei
405 2560 561 2601 propter
577 2568 685 2591 suum
698 2567 806 2590 usum
823 2557 973 2590 irritum
997 2558 1122 2589 facere
1147 2566 1220 2588 non
1245 2555 1486 2588 formidavit?
1511 2555 1607 2587 Nam
1628 2552 1836 2587 Jherosoli-

218 2615 288 2646 mis
316 2624 417 2653 vero,
447 2614 570 2653 audie,
596 2614 677 2655 ipse
708 2614 791 2652 fuit,
821 2612 886 2645 sed
909 2612 1096 2644 neminem
1122 2620 1206 2644 eum
1230 2611 1276 2643 de
1299 2618 1451 2642 earcere
1468 2609 1670 2642 redemisse
1697 2607 1834 2641 audivi.

216 2669 353 2702 Vident
377 2679 444 2711 pro
470 2670 548 2701 Deo
567 2669 605 2701 et
625 2678 692 2701 sua
707 2668 860 2710 propria
877 2666 1009 2706 salute,
1028 2675 1075 2699 ne
1091 2665 1230 2705 lumen,
1256 2665 1354 2706 quod
1377 2665 1416 2696 in
1433 2673 1476 2696 eo
1502 2664 1569 2703 est,
1594 2663 1749 2696 tenebre
1774 2663 1834 2702 sit,

217 2726 255 2757 et
271 2724 369 2765 quod
393 2724 498 2765 quasi
517 2725 690 2757 tenebras
718 2724 757 2756 in
787 2732 846 2756 me
874 2723 1126 2764 persequitur,
1151 2721 1277 2754 lumen
1304 2720 1428 2762 potius
1457 2720 1517 2752 sit.
1541 2719 1601 2758 At,
1627 2718 1659 2750 si
1681 2718 1837 2760 propter

219 2780 441 2821 positionem
467 2779 587 2812 baculi
614 2779 724 2820 hujus
749 2789 822 2811 non
846 2780 904 2812 est
929 2789 999 2811 vox
1020 2787 1141 2819 neque
1165 2787 1308 2818 sensus,
1337 2776 1421 2809 vide
1444 2777 1496 2816 tu,
1515 2783 1665 2816 quaeso,
1685 2774 1836 2806 domine

220 2834 334 2875 Papa,
375 2835 438 2874 qui
478 2843 642 2866 summus
674 2834 712 2866 et
748 2833 880 2865 unicus
911 2833 1069 2866 ecclesie
1100 2832 1238 2864 videris
1269 2831 1430 2871 oculus3
1467 2830 1618 2862 videant
1654 2830 1691 2862 et
1719 2829 1835 2862 ceteri

217 2888 454 2928 coadjutores
472 2891 509 2919 et
527 2890 652 2929 patres
677 2888 745 2926 tui,
764 2888 801 2919 et
818 2887 935 2918 nostri
959 2887 1100 2918 domini
1124 2885 1347 2924 cardinales,
1374 2885 1509 2926 videte,
1527 2891 1654 2925 queso,
1673 2890 1834 2914 commu-

215 2944 313 2977 niter
328 2945 366 2976 et
380 2943 593 2984 perspicite,
619 2943 680 2974 cui
696 2942 816 2984 magis
841 2941 1034 2980 Paulinus,
1060 2940 1205 2974 Nolane
1229 2941 1388 2973 civitatis
1411 2939 1620 2980 episcopus,
1646 2937 1684 2970 et
1699 2935 1830 2975 ceteri,

213 2997 277 3040 qui
294 2998 506 3029 sanctorum
523 2995 910 3040 legantur,institisse,
930 3004 977 3027 an
993 2994 1149 3040 captivis
1165 2994 1409 3034 redimendis,
1424 2992 1634 3034 hospitibus
1651 2990 1830 3033 colligen-
