2050 3470
808 224 946 259 ANNO
973 223 1057 257 1319
1710 227 1753 259 70

116 338 234 371 offitio
267 335 486 379 propentius
521 333 682 377 diligere
717 333 915 366 consueuit
945 335 995 373 et,
1028 342 1073 366 ne
1114 341 1318 375 prauorum
1348 333 1542 368 hominum
1566 334 1746 378 molestijs

116 393 319 436 agitentur,
345 400 408 424 eas
435 391 612 431 tanquam
644 389 706 431 pia
741 390 863 422 mater
899 397 964 421 sue
997 389 1242 430 protectionis
1279 390 1486 423 munimine
1517 391 1744 433 confouer03

115 457 160 482 ea
175 448 342 490 propter,
359 445 496 478 dilecte
520 445 558 476 in
585 445 744 477 Domino
774 443 851 476 filie
872 443 1041 486 Beghine
1071 444 1227 477 ducatus
1246 444 1463 485 Brabantie,
1482 446 1617 478 vestris
1634 447 1742 479 iustis

114 501 428 544 postulationibus
453 501 561 542 grato
579 501 847 532 concurrentes
866 508 1032 539 assensu,
1049 508 1229 541 personas
1246 502 1388 533 vestras
1413 503 1450 533 et
1467 500 1603 541 locum,
1619 502 1656 534 in
1673 511 1745 543 quo

117 555 198 600 [sub
221 556 407 589 communi
432 553 520 597 vita]
546 554 793 594 degitis,cum
811 555 983 586 omnibus
1006 555 1125 594 boniS,
1142 564 1213 595 que
1239 555 1557 596 inpresentiarum
1585 558 1746 591 rationa-

118 611 246 644 biliter
279 610 478 654 possidetis
506 610 569 642 aut
601 610 638 641 in
674 610 842 641 futurum
870 609 978 641 iustis
1004 609 1136 648 modis,
1168 610 1359 650 prestante
1386 610 1557 651 Domino,
1576 613 1748 653 poteritis

117 665 287 708 adipisci,
305 665 372 697 sub
399 664 497 697 beati
524 663 629 696 Petri
654 665 692 696 et
709 665 837 696 nostra
863 663 1098 705 protectione
1123 664 1359 706 suscipimus,
1382 665 1598 707 specialiter
1623 668 1748 700 autem

116 724 249 761 terrm,
266 720 408 761 domm,
445 718 713 760 possessiones,
749 719 868 760 prata,
898 718 1063 760 paschua
1080 720 1116 751 et
1147 718 1222 752 alia
1247 719 1355 760 bona,
1393 721 1490 753 sicut
1516 730 1561 754 ea
1585 721 1681 754 iuste
1709 724 1748 754 et

116 774 272 817 pacifice
285 773 475 812 obtinetis,
491 773 595 805 vobis
612 774 650 805 et
666 781 734 814 per
752 782 818 805 nos
843 773 947 804 vobis
965 774 1189 806 auctoritate
1207 774 1414 815 apostolica
1429 776 1693 809 confirmamus
1710 781 1748 810 et

115 829 301 872 presentis
315 829 444 871 scripti
462 828 672 870 patrocinio
699 828 984 861 communimus.
1003 828 1106 861 Nulli
1121 838 1226 871 ergo,
1242 831 1312 862 etc.

465 905 537 939 HS.
575 904 642 938 Die
676 903 843 948 fondatie
880 915 954 938 van
978 904 1050 938 den
1076 905 1327 949 Beqqg'jnhove
1354 906 1448 940 ende
1479 906 1651 942 cloostere
1673 918 1748 942 van

512 959 552 993 O.
570 959 612 993 L.
640 959 679 993 V.
699 970 772 992 van
797 959 1017 1000 Troost,1'ol.
1040 960 1080 994 10
1105 970 1212 994 verso
1237 962 1429 1004 (Register
1445 963 1512 995 der
1531 962 1604 995 15de
1628 972 1745 1003 eeuw,

511 1016 684 1049 bewaard
702 1017 740 1048 in
758 1015 822 1048 het
839 1015 1007 1049 klooster
1023 1016 1091 1049 der
1103 1016 1412 1058 Apostolinersen
1427 1018 1463 1051 te
1480 1017 1722 1059 Vilvoorden)
1739 1030 1748 1060 3

509 1070 677 1105 vermeld
694 1071 742 1113 bij
761 1071 804 1104 E.
833 1070 1048 1111 Hallmann,
1065 1071 1132 1104 blz.
1145 1072 1199 1106 81.
1214 1072 1310 1106 —In
1328 1073 1393 1106 het
1410 1073 1482 1106 HS.
1504 1073 1666 1107 16566-74
1680 1084 1748 1107 van

507 1127 554 1161 de
569 1126 821 1160 Koninkliike
845 1126 1088 1160 Bibliotheek
1113 1128 1149 1161 te
1169 1128 1322 1161 Brussel
1340 1129 1490 1169 komen,
1510 1130 1548 1162 in
1572 1129 1644 1163 den
1662 1138 1747 1162 aan-

507 1192 612 1225 vang,
631 1183 813 1216 moderne
829 1182 1157 1225 aanteekeningen
1176 1193 1279 1224 voor,
1298 1184 1456 1227 getiteld
1473 1183 1752 1228 Beschrzjvz'nye

507 1249 581 1271 van
597 1237 657 1271 het
673 1238 819 1281 beqyejn
837 1237 909 1282 hof
917 1249 991 1271 van
1004 1237 1171 1272 Brussel.
1186 1239 1242 1281 Op
1257 1239 1320 1271 fol.
1337 1240 1357 1272 3
1368 1249 1474 1273 verso
1491 1239 1582 1282 (niet
1595 1249 1749 1283 genum-

507 1293 735 1335 merd)leest
752 1303 862 1327 men:
892 1307 907 1323 «
926 1294 1025 1327 Daer
1053 1295 1174 1328 wordt
1201 1295 1297 1328 noch
1322 1305 1441 1329 eenen
1461 1296 1625 1329 anderen
1651 1296 1750 1329 brief

505 1349 650 1391 gezien‚
669 1349 840 1382 welcken
858 1349 964 1382 aldus
979 1351 1010 1382 is
1023 1349 1212 1392 luydende
1230 1361 1237 1383 :
1268 1365 1280 1380 α
1300 1351 1479 1391 Joannes‚
1508 1352 1648 1392 biscop,
1674 1351 1746 1384 den

505 1417 520 1433 n
540 1404 695 1437 dienaer
714 1405 782 1437 der
798 1405 1003 1437 dienaeren
1018 1405 1146 1445 Godts‚
1162 1414 1232 1438 aen
1246 1415 1338 1448 syne
1351 1416 1436 1440 seer
1449 1407 1620 1440 beminde
1639 1407 1748 1439 doch-

509 1472 524 1488 »
542 1461 649 1492 teren
664 1460 702 1492 in
722 1459 882 1499 Christo,
902 1460 997 1492 oock
1015 1469 1083 1493 aen
1118 1461 1162 1493 de
1192 1463 1444 1495 meesteersen
1468 1462 1562 1495 ende
1579 1463 1750 1496 susteren

509 1527 523 1543 »
543 1523 613 1546 van
650 1514 715 1547 het
753 1514 932 1557 gasthuys
957 1514 1025 1547 der
1057 1523 1187 1548 armen
1215 1518 1379 1548 omtrent
1407 1517 1559 1550 Brussel
1589 1528 1659 1551 van
1683 1518 1748 1551 het

509 1582 522 1597 n
541 1569 677 1611 gebied
694 1579 765 1602 van
784 1569 1003 1612 Cameryck‚
1023 1570 1212 1613 saligheyt
1245 1571 1339 1604 ende
1365 1572 1609 1615 apostolycke
1634 1574 1746 1616 gebe-

510 1637 522 1653 ι,
543 1625 769 1667 nedydinge.
788 1643 831 1648 —
848 1626 902 1658 De
930 1625 1144 1658 Roomsche
1171 1625 1208 1658 h.
1227 1626 1369 1659 kercke
1398 1626 1503 1660 heeft
1519 1627 1638 1671 altydt
1663 1637 1748 1662 zeer

507 1691 524 1709 n
543 1679 712 1713 bemindt
729 1679 774 1713 de
791 1680 1070 1723 godvruchtige
1089 1675 1184 1714 ende
1202 1682 1442 1725 ootmoedige
1467 1682 1710 1717 kinderen..,.
1730 1699 1747 1713 n

503 1733 629 1778 (Volyt
647 1745 734 1768 eene
757 1734 943 1779 vertalz‘ny
967 1734 1035 1769 der
1051 1735 1142 1778 buz.)
1169 1750 1183 1767 ι
1200 1737 1374 1780 Gegeven
1399 1738 1454 1770 tot
1477 1738 1651 1782 Avignon
1675 1739 1747 1773 den

503 1803 519 1820 n
537 1789 578 1822 21
607 1799 678 1824 van
711 1791 797 1834 Mey
829 1792 868 1824 in
886 1791 950 1825 het
983 1792 1097 1825 derde
1124 1793 1207 1834 jaer
1224 1802 1296 1826 van
1321 1802 1388 1826 ons
1416 1794 1616 1827 Pausdom.
1639 1807 1652 1821 ·›
1691 1794 1747 1827 De

503 1846 718 1888 Latijnsche
736 1846 837 1880 tekst
861 1848 963 1880 werd
987 1847 1096 1881 reeds
1111 1848 1314 1891 afgedrukt
1338 1849 1387 1890 bij
1415 1849 1616 1890 sanderus,
1636 1848 1747 1883 Chro-

500 1900 710 1944 noyraphia
722 1911 831 1935 sacra
848 1901 1090 1943 Brabantz'ae,
1107 1903 1190 1937 deel
1210 1903 1281 1946 III,
1300 1904 1368 1938 blz.
1387 1904 1463 1938 228.
1480 1905 1550 1938 Die
1564 1905 1626 1938 bul
1640 1905 1746 1938 komt

502 1956 628 1989 schier
640 1956 824 1999 letterlijk
838 1967 999 1991 overeen
1016 1960 1092 1992 met
1105 1968 1172 1991 ons
1190 1959 1290 1999 stuk,
1309 1969 1414 1993 maar
1426 1959 1605 1993 verschilt
1620 1959 1746 1993 hierin

504 2011 698 2053 nochtans‚
713 2013 776 2046 dat
789 2014 834 2055 zij
851 2013 1000 2056 gericht
1016 2014 1048 2046 is
1062 2013 1210 2047 Dilectis
1225 2016 1265 2047 in
1285 2013 1426 2049 Christo
1445 2014 1595 2058 filiabus
1610 2016 1745 2058 ’παρίε-

503 2071 582 2100 trae
617 2072 651 2100 et
684 2067 873 2101 sororibus
904 2067 1094 2112 hospital&
1125 2079 1338 2114 pauperum
1368 2071 1483 2113 juoeta
1506 2070 1745 2112 Bruoeellam,

504 2121 778 2157 Cameracensis
794 2122 978 2165 dioecesis,
993 2134 1038 2158 en
1056 2125 1171 2158 datin
1185 2134 1302 2159 onzen
1316 2126 1418 2159 tekst
1430 2125 1553 2160 alleen
1566 2126 1612 2160 de
1629 2135 1746 2159 woor-

501 2178 574 2211 den
597 2179 828 2213 voorkomen
856 2178 1023 2222 Beyhine
1046 2179 1206 2214 ducatus
1229 2180 1444 2216 Brabamie.
1475 2180 1527 2215 De
1559 2182 1687 2215 datum
1711 2181 1744 2214 is

499 2233 652 2268 aldaar:
678 2234 717 2268 X
739 2234 815 2268 kal.
830 2234 949 2276 Junii,
968 2237 1005 2268 d.
1022 2236 1046 2269 i.
1063 2236 1105 2269 23
1124 2246 1170 2270 en
1188 2237 1266 2270 niet
1288 2238 1329 2271 21
1359 2238 1446 2271 Mei.
1475 2238 1551 2271 Ter
1574 2237 1680 2280 loops
1697 2237 1742 2279 zij

500 2288 586 2323 hier
599 2289 673 2323 ook
688 2290 869 2331 vermeld,
895 2291 959 2324 dat
983 2292 1030 2325 de
1047 2292 1294 2326 Brusselsche
1314 2293 1495 2336 BegiJnen
1513 2293 1578 2326 het
1595 2301 1744 2326 armen-

501 2345 672 2388 gasthuis
712 2347 933 2380 bedienden.
953 2365 996 2371 —
1020 2348 1076 2381 De
1111 2348 1280 2392 melding
1317 2347 1368 2382 ad
1400 2353 1622 2393 perpetuam
1661 2346 1742 2392 [rei]

501 2403 723 2434 memoriam
744 2411 815 2435 aan
831 2402 858 2435 ’t
878 2401 993 2435 hooi'd
1010 2403 1078 2436 der
1095 2403 1158 2436 bul
1185 2404 1224 2436 in
1242 2404 1307 2438 het
1322 2404 1410 2437 stuk
1428 2413 1498 2438 van
1516 2403 1744 2437 Vilvoorden

500 2458 532 2490 is
545 2457 844 2500 klaarblijkelijk
865 2466 958 2492 eene
982 2459 1076 2500 fout,
1093 2459 1185 2493 daar
1201 2459 1246 2493 de
1272 2459 1335 2493 bul
1352 2461 1408 2492 tot
1424 2460 1470 2493 de
1486 2458 1744 2493 Brabantsche

503 2512 686 2556 Begijnen
710 2513 749 2546 in
774 2513 846 2546 den
863 2513 1034 2547 tweeden
1052 2523 1212 2556 persoon
1237 2515 1391 2557 spreekt
1406 2524 1454 2549 en
1472 2515 1564 2548 daar
1580 2515 1626 2547 de
1642 2514 1744 2547 tekst

503 2567 551 2609 bij
568 2567 755 2601 sanderus
778 2577 824 2602 en
838 2568 883 2602 de
897 2568 1087 2613 vertaling
1103 2579 1172 2603 van
1190 2570 1254 2604 het
1270 2569 1487 2604 Brusselsch
1507 2568 1743 2603 handschrift

503 2632 570 2655 ons
587 2623 693 2657 beter
706 2622 900 2658 inlichten.

776 2740 846 2783 48
881 2736 923 2797 <1
941 2736 1080 2796 wer).

169 2869 289 2918 1319,
314 2865 568 2910 November·
586 2872 654 2919 25,
693 2866 936 2910 Mechelen.
965 2868 1073 2909 Acte
1100 2879 1181 2909 van
1206 2865 1387 2909 broeder
1408 2867 1508 2917 Jan,
1533 2865 1734 2923 bisschop

112 2947 193 2978 van
229 2936 392 2980 Vaison
409 2936 467 2994 (⁴3)
489 2950 543 2980 en
577 2935 867 2980 commissaris
899 2949 984 2978 van
1017 2935 1100 2979 den
1132 2935 1492 2992 Kamerijkschen
1519 2935 1732 2991 bisschop,
