2050 3470
859 266 996 301 ANNO
1023 266 1106 300 1384
1741 270 1800 304 151

215 375 357 414 Quibus
385 374 534 414 auditis,
564 375 745 418 magister
766 375 950 409 Gerardus
983 377 1156 420 Magnus,
1190 377 1248 410 vir
1279 377 1317 410 in
1354 377 1551 419 scripturis
1583 378 1731 418 divinis,
1762 379 1800 412 in

170 431 316 464 iuribus
348 431 386 464 et
410 430 448 463 in
476 430 625 473 legibus
656 431 832 473 omnique
858 432 1046 465 mundana
1074 432 1253 466 facultate
1281 433 1569 473 cruditissimus,
1603 434 1800 467 ambonem

171 486 371 520 Daventrie
385 485 638 518 conscendens
656 486 756 527 ipsos
773 485 897 528 palam
918 486 1127 530 redarguit,
1143 486 1295 529 publice
1312 487 1489 520 falsitatis
1502 487 1599 526 male
1613 487 1800 530 propalati

169 542 311 576 erroris
328 541 366 574 et
383 550 455 574 non
474 549 563 574 sane
580 541 752 574 doctrine
769 541 1043 575 declamatores
1061 552 1125 575 eos
1149 542 1266 576 fuisse
1285 542 1513 576 denuncians
1530 543 1747 586 evangelica
1764 545 1802 576 et

169 596 376 640 apostolica
400 596 563 638 probans
591 597 828 637 auctoritate,
849 598 963 630 vitam
983 606 1113 630 eorum
1132 598 1169 631 et
1201 598 1530 631 conversacionem
1548 607 1731 639 nusquam
1754 600 1800 631 ab

169 652 329 688 ecclesia
348 652 417 685 Dei
430 652 684 693 reprobatam,
702 651 766 684 sed
781 651 826 684 ab
845 651 957 683 inicio
976 651 1264 684 christianitatis
1282 660 1400 693 usque
1419 653 1455 684 in
1482 661 1635 693 presens
1652 662 1801 694 semper

167 709 353 742 servatam
377 708 415 740 et
432 706 682 739 collaudatam
700 716 743 739 ac
770 715 857 739 vere
883 706 1140 749 evangelicam
1158 708 1195 739 et
1227 706 1482 749 apostolicam,
1510 716 1578 739 nec
1603 707 1800 741 Clementi-

168 773 254 797 nam
271 772 340 796 nec
354 762 429 796 alia
442 771 662 804 quecunque
681 762 763 794 iura
781 761 1037 794 ecclesiastica
1055 761 1111 794 vel
1130 762 1256 795 divina
1272 762 1407 795 horum
1421 762 1648 796 laudabilem
1666 765 1703 795 et
1720 764 1798 796 Deo

165 820 357 861 acceptam
374 817 702 850 conversacionem
721 826 897 858 umquam
924 816 1225 858 reprehendisse,
1252 818 1293 850 ut
1320 818 1390 859 ipsi
1420 817 1514 850 falso
1544 818 1798 859 predicavere,

165 875 231 909 sed
247 873 356 907 valde
374 873 503 915 aperte
520 873 557 906 et
574 880 751 914 expresse
778 880 927 914 semper
943 871 1187 905 collaudasse.

208 930 285 964 Per
304 928 577 964 clementinam
598 928 698 960 enim
715 926 774 960 Ad
797 931 969 960 nostrum
986 928 1030 960 de
1048 926 1226 961 hereticis
1250 929 1502 970 reprobantur
1518 928 1715 970 Bachardi,
1735 929 1799 971 qui

163 985 272 1029 pueri
291 983 348 1018 vel
362 985 501 1017 fratres
519 983 632 1016 liberi
649 983 804 1025 spiritus
818 985 1012 1022 vocantur,
1028 991 1072 1015 eo
1087 983 1187 1024 quod
1218 986 1357 1017 sectam
1381 983 1545 1017 habeant
1567 983 1798 1027 singularem

163 1051 248 1075 cum
265 1040 349 1073 octo
384 1039 554 1072 articulis
586 1038 746 1071 multum
779 1038 950 1071 erroneis
981 1038 1068 1071 fidei
1098 1039 1135 1071 et
1162 1039 1333 1072 doctrine
1363 1039 1568 1072 christiane
1599 1041 1799 1073 contrariis

162 1096 303 1129 ibidem
320 1094 495 1136 specifice
512 1093 716 1135 expressiS‚
737 1093 836 1125 unde
854 1094 892 1125 et
909 1102 930 1125 a
947 1094 1077 1126 sancta
1091 1093 1252 1127 ecclesia
1268 1095 1403 1127 merito
1420 1096 1506 1127 sunt
1521 1095 1797 1137 condempnati.

161 1148 372 1182 Presbiteri
400 1147 527 1180 autem
556 1147 594 1179 et
610 1145 741 1178 clerici
758 1145 898 1187 prefati
923 1154 1045 1187 neque
1075 1146 1263 1179 Bachardi
1292 1156 1413 1188 neque
1438 1146 1607 1180 Lullardi
1625 1148 1712 1180 sunt
1734 1148 1800 1181 aut

159 1212 326 1245 unquam
342 1202 496 1235 fuerunt
519 1210 588 1234 nec
613 1200 779 1242 aliquam
806 1198 844 1233 in
871 1209 910 1233 se
941 1202 1082 1234 sectam
1115 1201 1267 1234 omnino
1302 1201 1528 1242 habuerunt,
1561 1202 1626 1235 sed
1650 1211 1799 1245 semper

159 1257 448 1293 sacerdotaliter
461 1258 499 1290 et
526 1255 756 1290 clericaliter
772 1256 879 1288 iuxta
897 1256 992 1288 iuris
1017 1257 1311 1298 disposicionem
1334 1257 1510 1290 vixerunt
1526 1259 1563 1291 et
1579 1258 1706 1291 vivunt
1723 1268 1797 1291 non

159 1313 419 1353 mendicando,
449 1313 514 1345 sed
538 1312 708 1345 manibus
734 1310 957 1352 laborando,
990 1313 1103 1353 prout
1127 1312 1259 1345 modus
1292 1312 1372 1354 ipse
1396 1313 1545 1346 vivendi
1573 1314 1797 1347 auctoritate

161 1369 364 1405 Clementis
394 1377 490 1410 pape
519 1367 565 1401 ad
591 1367 777 1400 Jacobum
806 1367 845 1399 in
866 1367 1028 1399 decretis
1046 1376 1067 1399 a
1099 1368 1333 1409 presbyteris
1357 1369 1394 1401 et
1419 1367 1567 1401 clericis
1592 1369 1796 1403 servandus

159 1426 289 1468 aperte
306 1424 546 1465 describitur,
564 1431 675 1455 causa
694 1421 799 1462 XIIa,
816 1422 1015 1463 questione
1034 1423 1170 1464 prima,
1189 1422 1354 1465 capitulo
1367 1421 1632 1457 Dilectissimis.

201 1482 273 1514 Per
289 1480 563 1514 clementinam
579 1487 668 1511 vero
687 1476 780 1511 Cum
807 1475 852 1510 de
876 1476 1098 1521 quibusdam
1133 1480 1170 1511 et
1202 1479 1512 1522 extravagantem
1535 1479 1589 1512 De
1615 1479 1796 1523 reliyiosis

156 1535 325 1570 domibus
340 1535 566 1578 reprobatur
593 1534 711 1566 status
728 1533 976 1574 quarumdam
1011 1532 1228 1573 mulierum,
1258 1543 1330 1575 que
1349 1534 1455 1575 quasi
1479 1535 1517 1567 in
1542 1536 1679 1569 mentis
1697 1536 1794 1569 insa-

156 1593 257 1626 niam
273 1591 454 1634 perducte
471 1589 516 1622 de
534 1597 680 1622 summa
696 1588 884 1621 Trinitate
903 1589 940 1621 et
953 1588 999 1622 de
1013 1588 1140 1621 divina
1158 1589 1328 1622 essencia
1340 1590 1532 1632 disputant
1549 1592 1586 1623 et
1598 1591 1796 1633 predicant

155 1650 193 1682 et
208 1648 340 1681 contra
355 1646 445 1679 fidei
461 1644 640 1678 articulos
658 1644 696 1676 et
723 1643 980 1677 ecclesiastica
1014 1646 1251 1677 sacramenta
1281 1645 1477 1686 opiniones
1501 1646 1590 1679 fidei
1607 1646 1793 1681 catholice

155 1701 364 1736 contrarias
398 1699 643 1733 introducunt
683 1698 721 1731 et
744 1697 882 1730 multos
914 1697 1106 1740 simplices
1139 1707 1255 1740 super
1283 1698 1356 1732 hiis
1387 1700 1618 1742 decipientes
1657 1710 1721 1735 eos
1752 1702 1792 1735 in

156 1767 305 1793 errores
329 1758 497 1791 diversos
520 1754 704 1789 inducunt
727 1754 876 1796 aliaque
900 1754 1081 1797 perplura
1112 1753 1326 1797 periculum
1356 1755 1565 1787 animarum
1598 1756 1792 1798 pariencia

154 1815 223 1847 sub
241 1813 403 1856 quodam
426 1811 614 1845 velamine
638 1811 848 1843 sanctitatis
871 1811 1016 1843 faciunt
1040 1811 1078 1844 et
1101 1811 1352 1844 committunt.
1384 1810 1495 1843 Tales
1520 1811 1685 1854 Beginas
1709 1821 1791 1846 esse

155 1870 193 1904 et
209 1870 249 1902 in
266 1877 383 1903 unum
399 1867 573 1901 habitare
588 1865 853 1909 prohibentur,
872 1875 964 1908 quas
981 1867 1019 1899 et
1044 1876 1112 1899 nos
1127 1867 1263 1900 merito
1288 1866 1553 1909 prosequimur
1569 1867 1607 1900 et
1630 1867 1790 1902 detesta-

153 1934 250 1965 mur,
269 1924 447 1967 quoniam
463 1922 578 1965 digne
596 1921 683 1954 sunt
706 1921 1044 1954 exterminacione.

195 1980 272 2014 Iste
289 1979 415 2013 autem
442 1978 574 2012 devote
602 1984 751 2009 sorores
779 1977 878 2016 sunt,
898 1976 944 2010 de
971 1977 1107 2018 quibus
1132 1977 1171 2010 in
1202 1977 1333 2010 eadem
1363 1976 1597 2011 Clementina
1624 1977 1791 2012 finaliter

151 2035 393 2078 subiungitur
411 2044 419 2066 :
451 2046 464 2063 ι
483 2033 579 2067 Sane
595 2041 664 2074 per
678 2033 850 2075 predicta
872 2032 1080 2075 prohibere
1105 2043 1179 2066 non
1208 2033 1452 2075 intendimus,
1471 2034 1574 2076 quin,
1593 2035 1624 2067 si
1648 2036 1790 2069 fuerint

152 2090 283 2124 fideles
299 2089 425 2131 alique
441 2087 633 2128 muliereS,
659 2096 744 2129 que,
762 2088 949 2130 promissa
977 2089 1218 2122 continencia
1244 2089 1303 2122 vel
1335 2089 1455 2122 eciam
1487 2099 1561 2122 non
1589 2091 1788 2134 promissa,

150 2144 308 2178 honeste
321 2144 360 2177 in
377 2144 455 2177 suis
472 2145 737 2177 conversantes
754 2144 934 2187 hospiciis
947 2146 1203 2187 penitenciam
1226 2155 1342 2189 agere
1356 2145 1543 2179 voluerint
1557 2147 1595 2180 et
1606 2148 1788 2181 virtutum

151 2200 313 2234 Domino
330 2199 369 2232 in
386 2197 611 2231 humilitatis
627 2199 763 2241 spiritu
782 2200 986 2241 deservire,
1006 2200 1078 2234 hoc
1098 2201 1241 2235 eisdem
1266 2201 1391 2242 liceat,
1416 2203 1529 2244 prout
1552 2202 1643 2245 ipsis
1661 2203 1786 2236 Domi-

152 2264 222 2288 nus
245 2254 458 2297 inspirabit.
477 2267 490 2282 n

192 2309 387 2344 Johannes
421 2310 577 2352 insuper
606 2318 703 2352 papa
733 2311 933 2345 vicesimus
966 2313 1164 2353 secundus,
1200 2311 1522 2345 Clementinarum
1554 2313 1787 2355 prefatarum

149 2366 294 2408 primus
305 2364 530 2408 publicator,
548 2366 586 2398 in
601 2375 668 2399 sua
685 2367 845 2408 quadam
863 2369 1167 2412 extravangante
1181 2369 1228 2402 ad
1244 2369 1455 2412 Argentine
1472 2369 1630 2403 ecclesie
1647 2369 1785 2412 episco-

148 2430 237 2464 pum
254 2421 308 2454 sic
320 2421 451 2454 scribit
463 2421 564 2454 inter
580 2421 655 2454 alia
673 2431 680 2454 :
709 2435 722 2451 α
739 2422 854 2456 Lecte
872 2433 999 2457 coram
1017 2425 1127 2457 nobis
1150 2425 1188 2458 et
1211 2425 1393 2457 fratribus
1411 2425 1549 2457 nostris
1566 2426 1629 2459 tue
1652 2427 1786 2459 frater-

149 2476 278 2510 nitatis
291 2475 418 2510 littere
442 2477 684 2510 continebant
701 2486 783 2511 esse
801 2478 841 2511 in
867 2480 932 2512 tua
949 2480 1101 2521 dyocesi
1120 2481 1157 2513 et
1177 2480 1216 2512 in
1240 2479 1412 2522 pluribus
1428 2479 1601 2513 Almanie
1618 2481 1787 2523 partibus

148 2528 328 2563 mulieres
346 2529 510 2572 Beginas
528 2531 777 2565 communiter
793 2532 1006 2566 nominatas
1034 2534 1152 2566 status
1182 2533 1384 2566 laudabilis
1410 2534 1448 2565 in
1473 2535 1664 2567 excessiva
1680 2535 1789 2577 copia

151 2585 258 2626 quasi
291 2585 538 2618 ducentorum
576 2585 724 2619 milium
757 2597 956 2622 numerum
984 2589 1223 2629 excedenteS,
1258 2597 1329 2630 que
1360 2598 1497 2622 nomen
1529 2589 1680 2622 Domini
1712 2599 1787 2623 non

147 2639 375 2682 recipientes
392 2640 431 2672 in
447 2649 597 2681 vanum,
615 2640 797 2676 humilem
825 2644 863 2677 et
879 2643 1080 2678 honestum
1110 2644 1294 2684 habitum,
1324 2644 1355 2676 si
1383 2645 1509 2678 tamen
1538 2644 1688 2678 habitus
1712 2645 1787 2678 dici

149 2695 296 2735 debeat,
323 2695 510 2736 deferunt,
528 2696 709 2730 virtutum
726 2699 764 2731 et
789 2699 1069 2742 exemplarium
1095 2701 1285 2733 actionum
1311 2700 1556 2733 odoramenta
1571 2700 1789 2742 parturiunt

149 2747 386 2790 carnalisque
414 2749 611 2790 spurciciis
631 2749 718 2783 dato
743 2752 902 2794 repudio
932 2752 1164 2795 integritatis
1193 2761 1328 2794 sponso
1352 2754 1573 2794 perpetuam
1590 2753 1788 2787 continen-

148 2803 245 2835 ciam
278 2804 471 2836 servantes
511 2804 680 2838 honestis
714 2806 949 2848 prelatorum
984 2817 1139 2840 suorum
1180 2807 1512 2840 exhortacionibus
1543 2808 1724 2842 obediunt
1751 2811 1790 2843 et

149 2857 349 2900 preceptis.
377 2858 542 2897 Quarum
560 2859 686 2902 alique
712 2861 823 2895 simul
848 2862 887 2894 in
906 2863 1037 2895 eadem
1056 2863 1168 2895 domo
1188 2863 1234 2895 ad
1252 2863 1434 2895 maiorem
1460 2864 1588 2896 mutue
1604 2864 1788 2897 castitatis

149 2913 431 2946 observanciam
448 2915 708 2956 immorantur,
727 2916 998 2950 nichilominus
1012 2919 1138 2950 tamen
1155 2917 1244 2957 vita,
1262 2917 1430 2950 moribus
1443 2918 1481 2950 et
1496 2919 1788 2952 conversacione

149 2968 363 3010 prestantes
381 2970 569 3005 seminare
586 2971 759 3006 nituntur
776 2972 813 3006 in
834 2973 1174 3013 benedictionibuS‚
1203 2973 1301 3016 quod
1318 2981 1402 3006 cum
1433 2974 1558 3007 fructu
1586 2973 1787 3018 multiplici
