2050 3470
810 258 947 292 ANNO
978 259 1060 290 141¹.)
1693 259 1756 291 401

103 369 328 410 paupertate
357 370 578 410 permansit,
608 370 787 402 continue
815 378 884 410 per
923 369 1075 401 eosdem
1109 369 1253 401 iudices
1278 369 1434 401 minime
1464 371 1630 402 vocatus.
1661 370 1754 402 Cum

105 423 225 466 igitur
248 424 423 466 amplius,
453 425 552 457 unde
578 426 705 466 posset
731 425 950 465 sustentari,
994 434 1067 457 non
1109 425 1280 464 haberet,
1314 425 1635 465 consideransque
1668 426 1758 457 tunc

105 488 252 512 sacrum
278 479 480 512 concilium
510 480 771 512 verisimiliter
800 489 873 512 non
899 480 1037 512 debere
1064 480 1167 513 brevi
1197 481 1368 520 tempore
1394 481 1606 518 terminari,
1626 481 1672 513 de
1698 482 1755 513 sui

105 535 312 576 superioris
329 535 425 567 scitu
445 536 482 567 et
513 544 680 573 assensu,
700 536 861 577 penuria
885 535 1107 567 victualium
1133 537 1308 577 cogente,
1336 535 1381 567 ad
1399 537 1554 577 propria
1571 536 1699 576 rediit,
1718 542 1757 569 ut

105 590 177 622 sibi
195 590 240 622 de
258 590 482 622 necessariis
500 590 576 622 vite
601 591 832 631 provideret,
858 600 942 623 cum
962 592 1070 622 firmo
1086 591 1281 632 proposito
1301 590 1346 622 ad
1364 591 1487 631 ipsum
1506 600 1654 623 sacrum
1673 600 1759 623 con-

105 645 248 685 cilium,
267 646 380 686 prout
404 646 508 684 fecit,
534 646 730 678 redeundi.
756 646 881 684 Quare
906 646 1069 678 recurrit
1088 646 1187 678 idem
1207 654 1400 687 exponens
1425 646 1471 678 ad
1489 646 1604 687 pedes
1634 649 1758 679 vestre

105 701 330 740 sanctitatis,
357 699 574 741 supplicans
600 700 799 733 humiliter
817 704 854 734 et
871 701 1005 733 devote
1025 703 1214 742 quatenus
1244 710 1395 733 causam
1421 703 1458 733 et
1483 710 1614 733 causas
1632 701 1759 734 huius-

105 756 221 796 modi,
263 756 377 788 etiam
407 755 658 796 principalem
692 766 776 788 cum
805 757 883 789 suis
917 756 1079 798 singulis
1107 757 1405 799 emergentibus,
1432 757 1688 789 incidentibus
1724 764 1760 789 et

105 811 298 851 connexis,
325 811 537 853 dignemini
565 812 631 843 uni
658 821 702 843 cx
728 812 1057 844 reverendissimis
1076 812 1114 844 in
1142 812 1292 844 Christo
1318 812 1489 853 patribus
1515 814 1552 844 et
1583 812 1765 853 dominis,

105 867 268 899 dominis
285 870 413 899 sancte
438 867 611 900 Romane
630 867 787 900 ecclesie
814 867 1072 900 cardinalibus
1099 867 1298 900 comittere
1326 868 1568 906 audiendum,
1588 868 1759 900 deciden-

106 922 194 955 dum
212 923 250 955 et
267 922 341 955 fine
367 922 496 955 debito
522 923 805 955 terminandum
830 924 911 955 sinc
939 924 1098 956 actionis
1118 923 1279 965 strepitu
1313 925 1349 956 et
1375 924 1499 965 figura
1524 924 1669 963 iudicii,
1696 924 1758 956 sed

105 977 186 1010 sola
203 978 260 1010 rei
286 978 446 1010 veritate
465 978 637 1019 inspecta
662 988 747 1010 cum
779 980 968 1020 potestate
987 978 1222 1018 absolvendi,
1251 977 1448 1011 inhibendi
1466 980 1502 1012 et
1521 979 1662 1011 citandi
1680 987 1763 1020 per-

106 1032 301 1075 sonaliter,
328 1033 360 1065 si
390 1043 483 1075 opus
509 1034 570 1072 sit,
595 1043 689 1075 quos
714 1036 797 1067 fore
826 1035 998 1066 citandos
1027 1035 1256 1074 decreverit,
1287 1035 1325 1066 et
1361 1035 1424 1075 qui
1455 1043 1522 1067 sua
1545 1035 1763 1076 putaverint

106 1089 305 1129 interesse,
324 1089 363 1120 in
394 1090 629 1121 contrarium
655 1090 883 1122 facientibus
909 1099 982 1121 non
1012 1090 1251 1121 obstantibus
1278 1090 1579 1130 quibuscunque.
1601 1104 1612 1116 n

149 1144 192 1176 In
222 1144 296 1177 fine
328 1153 419 1177 vero
452 1144 552 1177 dicte
582 1145 862 1177 commissionis
896 1145 973 1177 sive
1001 1144 1293 1186 supplicationis
1322 1144 1455 1176 cedule
1487 1145 1629 1185 scripta
1654 1148 1763 1177 erant¹

108 1200 152 1231 dc
182 1198 341 1232 alterius
376 1208 510 1232 manus
544 1199 656 1232 litera
689 1200 878 1241 superiori
902 1199 1014 1232 litere
1044 1200 1162 1240 ipsius
1192 1198 1324 1231 cedule
1351 1199 1502 1240 penitus
1535 1201 1571 1231 et
1609 1200 1766 1231 omnino

109 1254 285 1287 dissimili
314 1256 352 1288 et
376 1256 527 1288 diversa
551 1255 621 1288 hec
650 1255 779 1294 verba,
812 1255 1014 1288 videlicet:

151 1325 164 1340 «
184 1312 239 1344 De
274 1312 452 1344 mandato
490 1312 633 1344 domini
659 1312 779 1345 nostri
808 1321 904 1353 pape
934 1312 1062 1344 audiat
1087 1312 1428 1344 reverendissimus
1453 1312 1563 1352 pater
1587 1312 1762 1343 dominus

106 1367 310 1400 cardinalis
328 1367 572 1407 Veronensis,
587 1368 692 1409 citet,
718 1370 760 1400 ut
774 1368 930 1409 petitur,
946 1369 981 1399 et
1001 1367 1183 1406 absolvat,
1203 1369 1291 1403 etc..
1311 1368 1341 1398 si
1360 1369 1398 1399 et
1423 1368 1536 1408 prout
1564 1367 1610 1399 de
1628 1367 1724 1399 iure.
1748 1380 1760 1393 »

150 1422 321 1455 Alterius
345 1432 435 1455 vero
461 1424 739 1456 commissionis
766 1424 844 1455 sive
863 1422 1152 1464 supplicationis
1171 1422 1304 1454 cedule
1322 1424 1432 1454 tenor
1457 1423 1629 1463 sequitur
1654 1422 1691 1454 et
1708 1430 1767 1454 est

109 1478 219 1511 talis:

154 1549 166 1563 ιι
188 1534 413 1567 Beatissime
454 1536 577 1576 pater.
617 1535 710 1568 Cum
749 1534 857 1574 alias,
903 1535 1005 1566 fama
1040 1533 1193 1576 publica
1229 1535 1433 1571 referente,
1473 1533 1572 1574 quod
1610 1533 1764 1574 quidam

107 1591 226 1622 frater
244 1590 435 1623 Mattheus
454 1591 627 1630 Grabow,
647 1592 769 1623 frater
787 1590 931 1622 ordinis
960 1590 1261 1631 predicatorum,
1281 1590 1370 1620 tunc
1389 1589 1426 1620 in
1446 1589 1586 1621 diocesi
1613 1589 1765 1621 Traiec-

108 1647 205 1679 tensi
233 1655 486 1687 commorans,
528 1647 661 1679 contra
688 1655 871 1688 personas
910 1646 1015 1678 tertii
1047 1645 1192 1677 ordinis
1222 1646 1341 1677 sancti
1370 1645 1562 1677 Francisei
1592 1645 1637 1677 de
1662 1644 1767 1685 peni-

106 1702 228 1735 tentia
245 1704 480 1744 nuncupatas
505 1702 676 1743 aliasque
693 1703 847 1735 devotas
875 1711 1057 1743 personas
1083 1701 1247 1733 civitatis
1266 1702 1303 1733 et
1322 1701 1483 1733 diocesis
1509 1700 1767 1733 Traiectensis

108 1757 310 1790 nonnullas
339 1758 463 1791 minus
492 1767 615 1797 veras,
642 1768 768 1800 ymmo
800 1766 993 1795 erroneas,
1020 1759 1062 1789 ut
1094 1758 1217 1798 prima
1246 1756 1343 1789 facie
1372 1757 1592 1797 apparebat,
1617 1755 1767 1788 conclu-

107 1814 234 1846 siones
259 1815 448 1847 assereret
472 1823 610 1855 easque
636 1813 815 1846 hincinde
843 1813 1143 1845 communicaret
1168 1813 1206 1844 et
1236 1812 1433 1854 premissis
1463 1820 1536 1845 non
1563 1812 1763 1844 contentus

108 1870 297 1910 quendam
323 1869 463 1901 librum
487 1870 526 1901 in
554 1869 684 1902 multis
709 1870 786 1901 suis
812 1869 1118 1901 conclusionibus
1148 1877 1352 1900 erroneum
1377 1868 1511 1900 contra
1536 1867 1656 1900 dictas
1680 1876 1764 1909 per-

109 1934 233 1965 sonas,
260 1927 301 1956 ut-
326 1925 477 1964 dicitur,
505 1925 809 1965 conscripsisset,
827 1923 1171 1956 reverendissimus
1196 1924 1305 1964 pater
1331 1922 1505 1954 dominus
1523 1922 1766 1961 Fredericus,

109 1980 308 2022 episcopus
337 1980 593 2013 Traiectensis
617 1980 838 2019 modernus,
871 1980 1075 2021 propterea
1109 1980 1242 2011 contra
1280 1978 1442 2010 eundem
1474 1978 1595 2010 frater
1622 1978 1765 2019 inquiri

108 2033 229 2066 voluit
242 2038 355 2074 atque
373 2034 579 2074 mandavit,
596 2035 633 2065 et
651 2033 775 2065 dietus
793 2034 927 2071 frater,
946 2035 1136 2073 quatenus
1154 2032 1302 2064 videret
1319 2031 1459 2063 dictam
1477 2031 1762 2071 inquisitionem

110 2090 194 2122 fieri
223 2090 267 2122 ad
294 2089 514 2122 mandatum
542 2089 634 2121 dicti
663 2089 807 2120 domini
833 2088 1002 2129 episcopi
1030 2097 1095 2120 seu
1123 2088 1205 2119 eius
1238 2087 1503 2126 commissarii,
1522 2087 1660 2118 citatus
1679 2096 1766 2118 con-

109 2145 312 2178 tumaciter
335 2145 495 2178 recessit
519 2146 557 2177 et
574 2154 701 2177 coram
721 2144 910 2176 iudicibus
929 2144 1017 2175 fidei
1036 2144 1074 2175 in
1094 2142 1257 2175 concilio
1284 2142 1563 2174 Constantiensi
1582 2142 1764 2182 quasdam

109 2200 386 2242 conclusiones,
412 2201 540 2239 etiam,
564 2202 606 2232 ut
637 2200 850 2237 videbatur,
880 2208 1076 2238 erroneas,
1106 2207 1221 2240 super
1251 2197 1367 2229 simili
1393 2198 1567 2236 materia,
1598 2198 1695 2230 sicut
1726 2198 1763 2229 in

108 2257 250 2290 diocesi
277 2257 513 2289 Traiectensi
531 2256 738 2288 asseruisse
764 2256 916 2294 dicitur,
937 2254 1075 2287 obtulit
1093 2256 1131 2287 et
1146 2254 1233 2286 inde
1259 2255 1373 2287 etiam
1399 2255 1531 2286 contra
1557 2254 1762 2286 iussionem

109 2313 299 2345 dictorum
326 2312 495 2344 iudicum
527 2310 624 2343 clam
661 2313 698 2343 et
738 2310 868 2342 dolose
908 2310 1111 2342 recessisse
1145 2309 1298 2348 dicitur,
1340 2310 1490 2350 iamque
1527 2318 1702 2341 reversus
1743 2317 1765 2340 a

109 2368 310 2401 sanctitate
334 2368 461 2400 vestra
488 2367 677 2408 quandam
702 2366 1021 2404 commissionem,
1041 2374 1114 2406 que
1140 2365 1458 2397 reverendissimo
1485 2365 1583 2406 patri
1609 2364 1763 2397 domino

109 2422 295 2457 cardinali
327 2422 538 2455 Veronensi
556 2424 778 2463 presentata
802 2421 942 2460 extitit,
970 2430 1084 2462 super
1101 2421 1297 2462 premissis
1322 2420 1381 2452 vel
1407 2419 1542 2452 saltem
1571 2418 1762 2460 aliquibus

110 2489 242 2512 eorum
267 2479 406 2512 dicitur
435 2479 657 2515 obtinuisse,
678 2478 791 2518 unde,
826 2479 868 2509 ut
899 2477 1039 2509 veritas
1069 2476 1273 2513 elucescat,
1308 2476 1505 2516 dictusque
1531 2476 1663 2513 frater,
1698 2476 1761 2515 qui

110 2536 233 2568 lucem
265 2536 418 2577 fugiens
442 2535 566 2576 primo
592 2536 629 2566 et
655 2534 833 2572 secundo,
860 2534 902 2565 ut
931 2533 1138 2574 prefertur,
1164 2532 1335 2572 recessit,
1362 2531 1407 2564 de
1437 2531 1632 2572 premissis
1656 2531 1765 2572 puni-

110 2592 253 2623 tionem
271 2591 450 2630 debitam,
467 2590 498 2622 si
515 2590 690 2629 excessit,
710 2589 884 2629 accipiat,
903 2588 1085 2630 dignetur
1102 2596 1195 2629 ergo
1214 2587 1395 2619 sanctitas
1410 2589 1534 2619 vestra
1548 2586 1763 2618 huiusmodi

110 2647 429 2685 commissionem,
464 2647 502 2677 et
532 2645 807 2686 premissorum
835 2648 1008 2676 tenorem
1041 2642 1245 2675 habentem
1274 2651 1343 2684 pro
1369 2642 1574 2683 expressis,
1611 2642 1760 2683 prefato

111 2702 429 2735 reverendissimo
459 2702 557 2743 patri
588 2700 741 2733 domino
770 2699 968 2743 cardinali
988 2698 1199 2731 Veronensi
1240 2698 1478 2730 committere
1504 2699 1540 2730 et
1567 2697 1764 2735 mandare,

114 2760 153 2790 ut
180 2758 218 2789 in
252 2756 470 2789 huiusmodi
494 2756 656 2789 materia
681 2755 900 2794 summarie,
916 2754 1144 2795 simpliciter
1168 2755 1206 2786 et
1230 2754 1276 2786 de
1293 2753 1406 2795 plano
1424 2763 1467 2785 ac
1492 2753 1573 2785 sine
1599 2753 1760 2794 strepitu

110 2817 147 2845 et
176 2813 301 2855 figura
329 2813 459 2845 iudicii
491 2815 529 2845 et
561 2821 609 2845 ex
638 2812 763 2844 officio
793 2812 926 2843 contra
955 2810 1116 2842 eundem
1146 2810 1304 2841 fratrem
1342 2808 1553 2842 Mattheum
1582 2808 1764 2850 procedat

111 2870 150 2901 et
180 2869 350 2910 inquirat
366 2878 409 2901 ac
438 2869 696 2910 promotorem
724 2876 790 2899 seu
816 2866 1082 2908 instigatorem
1100 2865 1269 2897 ciusdem
1289 2865 1404 2897 officii
1421 2873 1537 2896 unum
1555 2863 1613 2896 vel
1632 2864 1763 2906 plures

116 2925 286 2966 deputet,
313 2925 344 2956 si
373 2924 444 2955 sibi
476 2923 678 2965 placuerit,
707 2932 750 2955 ae
784 2922 938 2962 totiens,
968 2920 1116 2961 quotics
1153 2930 1247 2962 opus
1283 2920 1412 2959 fuerit,
1447 2922 1484 2952 et
1519 2920 1549 2951 si
1578 2919 1763 2960 premissa

116 2979 174 3013 vel
204 2979 347 3021 aliquid
372 2980 659 3021 premissorum,
689 2979 786 3019 quod
821 2977 867 3009 ad
896 2977 967 3009 hoc
991 2976 1166 3016 sufficiat,
1193 2976 1408 3017 reppererit
1432 2976 1591 3008 veritate
1619 2974 1763 3017 fulciri,

1653 3057 1697 3090 ‘26
