2050 3470
299 283 362 316 174
991 277 1127 313 ANNO
1153 276 1236 311 1307

346 391 402 424 Ad
434 390 651 430 secundum,
683 388 782 431 quod
821 388 990 431 quamvis
1028 387 1249 422 obediencia
1286 385 1533 426 necessitatis,
1572 393 1645 427 qua
1676 383 1815 418 subditi
1845 383 1923 418 suis

301 446 558 488 superioribus
586 445 798 478 necessario
827 445 865 477 et
891 444 1018 477 coacte
1045 434 1330 483 obediunt‚'qui
1354 442 1391 475 et
1416 441 1715 483 jurisdictionem
1737 439 1864 482 arguit
1886 439 1925 473 et

301 500 603 542 superioritatem
628 500 732 540 facit,
751 498 845 532 nulli
862 499 1028 541 ipsorum
1045 499 1182 532 debent
1197 497 1348 530 racione
1364 496 1531 539 predicte
1550 495 1739 529 societatis
1756 494 1923 534 obedire,

299 564 383 588 cum
411 563 479 596 par
506 554 543 586 in
571 563 701 596 parem
729 554 954 595 potestatem
983 562 1058 585 non
1088 552 1237 592 habeat,
1264 551 1381 584 extra.
1398 551 1444 584 de
1471 550 1654 584 electione
1681 559 1712 582 c.
1745 547 1921 582 Innotuz‘t.

301 610 529 643 obediencia
566 611 690 642 tamen
731 608 899 641 caritatis
940 609 1099 650 possunt
1129 607 1199 649 ipsi
1232 607 1303 639 sibi
1338 606 1501 639 inuicem
1530 604 1588 638 vel
1628 605 1923 646 quibuscumque

300 664 496 706 equalibus
534 663 591 697 vel
632 664 840 696 minoribus
884 663 1124 704 acquiescere
1167 662 1289 694 minus
1332 661 1483 693 discreti
1520 659 1579 692 vel
1617 659 1741 692 minus
1779 658 1925 700 experti

298 720 545 752 discretorum
570 720 607 752 ct
623 719 866 760 expertorum
883 717 1040 750 consilia
1058 717 1241 758 recipere,
1261 725 1328 749 nec
1353 724 1399 748 ex
1423 714 1489 748 tali
1514 713 1733 747 obediencia
1756 713 1924 746 caritatis

298 775 424 817 aliqua
446 775 690 817 superioritas
714 774 892 816 precipue
915 772 1226 815 jurisdictionalis
1261 773 1448 815 arguitur,
1487 771 1552 804 sed
1586 770 1755 803 fraterna
1788 768 1925 802 caritas

299 831 337 864 et
353 829 502 863 socialis
519 830 685 863 amicitia
698 829 963 871 comprobatur
976 827 1028 861 Ja.
1044 837 1102 871 pe.
1130 829 1176 870 j0.
1196 827 1459 870 Castificantes.
1480 825 1600 859 Corda
1624 825 1750 857 vestra
1774 823 1814 856 in
1841 823 1925 856 obe-

298 886 446 918 diencia
468 885 636 918 caritatis
660 885 696 918 et
722 884 777 918 Ja.
793 892 851 926 pe.
870 883 925 925 ij0.
945 882 1088 917 Subdita·
1104 884 1224 917 estote
1253 883 1354 916 omni
1382 882 1544 915 humane
1573 882 1742 914 creature
1770 877 1927 920 propter

298 940 419 973 Deum
435 941 472 973 et
499 941 557 973 est
579 948 633 972 ar.
660 940 779 972 extra.
805 938 851 971 de
877 947 949 971 ma.
976 939 1014 971 et
1049 938 1130 972 obe.
1161 948 1193 972 c.
1224 937 1344 972 Solita.
1374 937 1473 970 Item
1499 945 1568 979 per
1598 934 1780 968 Thomam
1807 932 1925 975 quoli-

298 995 351 1027 b0.
370 994 435 1035 vjo.
451 1003 485 1035 q.
500 994 552 1035 xj.
577 993 682 1027 Idem
706 993 837 1026 beatus
865 993 1079 1026 Bernardus
1097 993 1144 1026 ad
1166 993 1303 1026 fratres
1319 992 1365 1025 de
1388 991 1516 1025 Monte
1539 990 1609 1024 Dei
1631 990 1669 1023 et
1694 988 1927 1032 Augustinus

298 1049 344 1082 de
368 1057 456 1082 vera
477 1048 701 1090 jnnocencia
732 1047 836 1088 dicit,
862 1047 960 1089 quod
991 1057 1065 1090 pax
1097 1047 1305 1081 domestica
1334 1048 1392 1080 est
1423 1046 1597 1079 ordinata
1626 1043 1926 1078 cohabitancium

297 1104 508 1146 imperandi
525 1104 798 1146 obediendique
815 1104 1026 1138 concordia.
1045 1104 1239 1146 Imperant
1256 1104 1381 1137 autem
1397 1103 1460 1144 qui
1477 1100 1688 1141 consulunt,
1703 1101 1773 1133 etc.

340 1159 395 1191 Ad
420 1159 579 1192 tercium
603 1159 752 1199 dicitur,
777 1159 875 1201 quod
898 1159 1139 1192 reuelacione
1166 1158 1340 1201 simplici,
1366 1158 1431 1199 qui
1454 1156 1660 1199 improprie
1683 1154 1867 1188 confessio
1891 1154 1930 1188 et

298 1214 344 1247 ab
362 1212 549 1254 aliquibus
566 1214 751 1247 confessio
776 1224 849 1247 non
874 1213 1157 1248 sacramentalis
1183 1214 1333 1253 dicitur,
1361 1214 1399 1246 in
1425 1221 1499 1254 qua
1515 1221 1584 1245 nec
1600 1212 1643 1244 fit
1659 1209 1848 1244 absolucio
1862 1218 1931 1242 nec

299 1268 513 1310 penitencie
529 1268 710 1301 iniunctio
729 1278 798 1302 nec
820 1269 1028 1311 imponitur
1051 1269 1274 1310 satisfactio,
1302 1269 1367 1301 sed
1392 1267 1514 1300 solum
1543 1266 1657 1300 alicui
1672 1265 1875 1298 salubriter
1889 1263 1929 1298 in

298 1323 548 1365 passionibus,
567 1324 605 1356 in
617 1324 722 1365 vicijs
742 1325 779 1357 et
796 1324 1010 1358 excessibus
1026 1323 1250 1364 consulitur,
1269 1324 1402 1356 contra
1416 1322 1686 1364 temptaciones
1702 1320 1929 1362 multiplices

299 1377 537 1419 premunitur
564 1378 602 1410 et
629 1378 820 1420 dirigitur,
849 1379 972 1420 potest
1003 1379 1128 1420 quiuis
1159 1378 1381 1419 cuicumque
1407 1376 1570 1410 voluerit
1595 1373 1864 1418 temptaciones
1891 1377 1929 1406 et

299 1431 491 1472 passiones
523 1440 607 1464 suas
638 1431 812 1465 reuelare
841 1432 938 1465 vicia
969 1434 1005 1466 et
1037 1441 1211 1466 excessus
1247 1440 1333 1465 suos
1364 1432 1535 1474 aperire3
1566 1439 1635 1473 per
1664 1438 1735 1471 que
1766 1429 1874 1462 Inno.
1887 1428 1927 1461 in

300 1488 481 1528 apparatu
511 1488 629 1520 extra.
655 1487 700 1521 de
727 1497 785 1530 pe.
805 1489 842 1521 et
857 1497 910 1522 re.
931 1498 1056 1531 super.
1089 1499 1120 1521 c.
1158 1488 1286 1522 Omnis
1311 1489 1517 1532 utriusque,
1543 1496 1612 1530 per
1628 1485 1875 1528 Monulphum
1886 1485 1926 1518 in

300 1551 457 1575 summa.
489 1542 531 1575 ti.
563 1542 608 1575 de
639 1543 865 1584 penitencia.
901 1543 1007 1577 Idem
1035 1543 1096 1577 Jo.
1129 1543 1199 1577 An.
1242 1544 1360 1577 extra.
1398 1543 1444 1576 de
1478 1552 1537 1585 pe.
1574 1543 1612 1576 et
1644 1551 1697 1576 re.
1735 1549 1859 1584 super.
1892 1550 1924 1573 c.

300 1596 338 1630 Si
349 1598 536 1640 episcopus
552 1606 664 1640 super
678 1599 793 1631 verbo
810 1597 996 1640 Absolute,
1014 1598 1054 1631 li.
1072 1599 1140 1641 vjo,
1158 1608 1226 1641 per
1241 1599 1371 1632 Astex.
1389 1598 1429 1631 li.
1449 1599 1499 1640 vj.
1516 1598 1560 1630 ti.
1588 1596 1654 1631 Cui
1675 1595 1928 1640 confitendum

301 1652 339 1684 et
366 1652 570 1685 secundum
593 1661 679 1685 eum
706 1653 822 1686 Henr.
854 1654 969 1695 Boyc,
993 1654 1111 1687 extra.
1141 1654 1187 1688 de
1213 1662 1272 1696 pe.
1301 1655 1338 1687 et
1364 1662 1419 1687 re.
1449 1662 1563 1695 super
1588 1663 1619 1685 c.
1648 1652 1786 1694 Omnis,
1811 1651 1863 1686 di.
1887 1651 1926 1693 ij.

301 1707 373 1740 Sed
399 1707 634 1741 confessione
658 1708 932 1749 sacramentali,
957 1709 995 1742 in
1024 1718 1096 1751 qua
1119 1710 1162 1742 fit
1184 1710 1359 1751 respectu
1388 1708 1547 1743 ecclesie
1574 1707 1836 1742 reconciliacio
1860 1715 1929 1750 per

299 1762 438 1803 claues,
464 1763 665 1804 absolucio,
682 1765 893 1806 penitencie
910 1765 1091 1798 iniunctio
1109 1767 1146 1800 et
1165 1765 1374 1807 imponitur
1390 1765 1611 1807 satisfactio,
1625 1764 1751 1797 nullus
1767 1764 1927 1797 cuicum-

300 1827 373 1858 que
397 1818 509 1852 debet
532 1820 727 1861 peccatum
752 1829 872 1862 suum,
896 1820 993 1853 vicia
1015 1820 1075 1854 vel
1103 1829 1292 1862 excessus,
1318 1820 1388 1853 nisi
1412 1819 1538 1853 claues
1566 1821 1604 1854 et
1628 1819 1928 1863 jurisdictionem

302 1872 452 1913 habeat,
471 1873 658 1915 reuelare,
677 1875 797 1909 extra.
822 1875 867 1908 de
884 1884 946 1917 pe.
965 1876 1046 1908 etc.
1070 1874 1206 1909 Omnis.

341 1928 399 1960 Ad
418 1930 605 1969 quartum,
631 1930 730 1971 quod
757 1929 904 1963 nullubi
922 1931 1071 1964 videtur
1096 1930 1341 1972 prohibitum,
1367 1930 1466 1972 quod
1493 1929 1591 1972 layci
1615 1938 1719 1963 sacre
1737 1929 1928 1971 Scripture

302 1980 420 2015 libros
437 1983 476 2015 in
491 1983 640 2026 vulgari
656 1984 776 2018 editos
791 1984 850 2019 vel
867 1984 1068 2019 translatos
1084 1985 1214 2028 legant
1229 1985 1288 2019 vel
1305 1985 1468 2019 habeant
1483 1994 1549 2019 seu
1566 1984 1648 2027 alijs
1665 1985 1712 2018 ad
1727 1984 1929 2028 legendum

300 2038 519 2078 concedant,
547 2039 612 2072 sed
644 2040 809 2073 studium
840 2040 1121 2082 Scripturarum
1151 2041 1191 2073 in
1221 2040 1339 2083 laycis
1373 2041 1699 2074 recommendatur
1728 2041 1846 2074 extra.
1883 2039 1930 2072 de

299 2091 480 2125 hereticis
497 2102 528 2126 c.
550 2092 642 2127 Cum
658 2103 704 2127 eoe
719 2095 884 2128 iniuncto
912 2095 1013 2128 circa
1038 2090 1267 2138 principium
1293 2096 1331 2129 et
1346 2104 1415 2137 per
1440 2095 1547 2128 Inno.
1574 2104 1687 2137 super
1702 2104 1732 2128 c.
1752 2094 1931 2127 Firmiter

302 2145 500 2188 credimus,
534 2148 651 2181 extra.
686 2149 733 2182 de
764 2158 819 2182 su.
852 2149 914 2182 tri.
955 2152 990 2183 et
1027 2150 1064 2182 fi.
1094 2159 1149 2184 ca.
1189 2150 1499 2192 Verumptamen,
1525 2150 1557 2183 si
1594 2149 1810 2183 huiusmodi
1839 2147 1930 2181 libri

303 2200 484 2234 articulos
498 2201 675 2236 hereseos
691 2204 941 2245 continerent,
958 2205 1159 2238 mandatur
1185 2214 1251 2238 seu
1279 2204 1541 2247 precipiuntur
1564 2204 1704 2238 destrui
1719 2203 1780 2238 vel
1796 2202 1930 2237 saltem

303 2254 529 2289 hereticales
542 2257 691 2290 articuli
704 2259 894 2292 remoueri
906 2258 965 2292 vel
985 2259 1030 2293 de
1047 2259 1138 2301 ipsis
1155 2259 1344 2293 eliminari
1359 2269 1428 2303 per
1443 2260 1669 2302 rescriptum
1684 2258 1931 2302 apostolicum

305 2310 404 2351 quod
431 2311 568 2353 J'ncipit
595 2310 655 2345 Ad
678 2311 916 2356 apostolatus.
949 2314 1021 2347 Sed
1052 2314 1140 2347 boni
1167 2313 1256 2347 libri
1283 2315 1323 2347 in
1348 2314 1499 2358 vulgari
1529 2314 1621 2348 editi
1650 2313 1709 2347 vel
1740 2313 1786 2347 de
1813 2312 1930 2347 latino

303 2366 483 2398 transfusi
508 2366 639 2400 eodem
662 2368 844 2410 rescripto
871 2377 952 2410 per.
978 2378 1032 2402 ar.
1052 2378 1074 2402 a
1090 2369 1278 2402 contrario
1306 2379 1417 2403 sensu
1443 2369 1586 2412 liquido
1613 2369 1879 2412 permittuntur
1894 2368 1933 2401 et

306 2420 573 2461 approbantur.
606 2421 701 2455 Sunt
731 2423 857 2456 autem
886 2423 1065 2466 precipue
1097 2423 1312 2457 huiusmodi
1348 2424 1438 2457 libri
1468 2424 1594 2465 utiles,
1626 2424 1658 2457 si
1687 2424 1733 2458 de
1763 2423 1932 2464 materiis

305 2473 429 2516 planis
446 2476 484 2508 et
496 2476 648 2520 apertis,
662 2478 753 2519 puta
769 2478 814 2511 de
834 2477 957 2521 gloria
973 2478 1117 2519 celesti,
1135 2479 1181 2512 de
1197 2480 1303 2521 penis
1327 2480 1479 2520 inferni,
1497 2480 1543 2513 de
1558 2480 1663 2521 viciJ's
1680 2481 1717 2514 et
1731 2478 1932 2512 virtutibus

303 2529 468 2571 simplici
502 2531 612 2564 modo
648 2533 892 2573 pertractent.
927 2533 983 2566 Ad
1020 2534 1184 2567 studium
1219 2535 1319 2568 enim
1352 2534 1485 2568 talium
1521 2534 1707 2568 librorum
1745 2533 1934 2568 ammonet

304 2584 437 2617 beatus
455 2585 689 2628 Augustinus
707 2587 754 2620 ad
776 2588 915 2621 fratres
941 2588 986 2621 de
1013 2587 1181 2630 heremo,
1215 2590 1291 2631 qui,
1320 2590 1449 2632 paucis
1472 2589 1651 2631 exceptis,
1681 2598 1808 2622 omnes
1825 2588 1934 2622 erant

302 2637 503 2681 illiteratix,
534 2641 572 2673 et
601 2640 703 2682 jdem
730 2641 770 2674 in
797 2641 956 2684 epistola
983 2642 1030 2675 ad
1054 2643 1229 2677 comitem
1255 2644 1492 2677 Bonifacium
1521 2642 1766 2685 reprehendit
1791 2642 1930 2685 laycos,

306 2693 372 2734 qui
388 2702 428 2726 se
445 2696 625 2727 excusant
642 2704 663 2728 a
679 2695 802 2729 studio
820 2696 1111 2739 Scripturarum.
1131 2697 1301 2739 Grandis,
1319 2698 1453 2741 inquit,
1467 2699 1523 2732 est
1546 2699 1713 2731 confusio
1738 2698 1932 2731 animabus

306 2745 515 2791 laycorum,
541 2749 606 2791 qui
634 2750 786 2783 dicunt:
813 2750 909 2790 Quid
936 2752 1101 2793 pertinet
1124 2753 1171 2786 ad
1193 2762 1252 2786 me
1276 2752 1392 2786 libros
1413 2753 1542 2796 legere
1554 2753 1616 2787 uel
1629 2753 1760 2787 audire
1774 2752 1838 2786 uel
1861 2752 1932 2785 dis-

308 2805 415 2837 cere?
433 2803 615 2838 Similiter
631 2806 786 2854 propter
801 2805 872 2839 hoc
887 2806 911 2849 J
915 2806 975 2840 oh.
995 2807 1242 2841 Crisostomus
1258 2817 1372 2851 super
1386 2808 1504 2842 Math.
1520 2808 1667 2843 morali.
1681 2808 1725 2850 ijo
1750 2806 1930 2850 populum

306 2865 416 2890 suum
432 2858 678 2900 reprehendit
693 2860 731 2893 et
747 2860 847 2893 idem
863 2861 902 2893 in
929 2861 1100 2904 pluribus
1123 2862 1215 2895 locis
1243 2872 1356 2905 super
1383 2862 1591 2906 ewangelio
1613 2863 1798 2898 ‚Iohannis
1821 2862 1932 2896 omel.

307 2911 356 2952 xij
390 2913 428 2945 et
457 2913 603 2947 morali.
633 2914 754 2956 xxxijo
784 2915 965 2958 populum
1001 2926 1109 2950 suum
1135 2917 1381 2959 adhortatur,
1419 2919 1462 2952 ut
1491 2917 1608 2952 libros
1640 2918 1774 2952 debeat
1805 2917 1934 2962 legere

308 2964 599 3010 scripturarum.
623 2969 726 3004 Libri
750 2971 876 3006 autem
899 2970 1013 3006 aliam
1035 2972 1244 3007 doctrinam
1270 2973 1309 3008 et
1334 2973 1526 3008 difficilem
1552 2973 1786 3009 continentes
1811 2972 1929 3016 laycis
