2050 3470
250 285 292 315 :38
829 277 965 311 ANNo
991 278 1189 318 1108-1199,
1216 277 1299 312 1228

253 395 393 437 zullen
416 394 458 435 in
483 393 533 434 de
556 389 795 448 pauselijke
819 392 963 432 staten
997 387 1211 432 verbeurd
1234 389 1466 432 verklaard
1489 389 1683 433 worden.
1720 391 1876 435 Overal

254 463 394 506 elders
430 462 492 504 zal
526 474 620 502 men
655 458 868 502 hetzelfde
892 457 1017 500 doen.
1046 458 1103 499 De
1125 457 1396 515 wereldlijke
1418 462 1611 510 vorsten,
1638 459 1703 502 die
1735 459 1878 502 hierin

255 531 413 585 nalatig
449 529 613 572 zouden
647 528 750 584 zijn,
779 527 917 570 zullen
944 526 1036 568 zich
1071 539 1152 569 aan
1176 526 1227 568 de
1251 526 1503 583 geestelijke
1535 541 1719 570 censuur
1740 527 1878 571 bloot-

255 600 428 643 stellen.

653 671 771 711 Clero,
803 670 1013 705 consulibus
1040 675 1074 702 et
1103 669 1238 713 populo
1275 670 1499 704 Viterbz'ensi.

299 752 350 784 De
368 751 554 783 communi
580 750 739 781 fratrum
753 750 965 780 nostrorum
983 747 1153 783 consilio.
1178 756 1329 779 assensu
1350 756 1496 788 quoquc
1514 747 1881 790 archiepiscoporum

252 815 284 839 ct
317 807 577 848 episcoporum
602 804 699 845 apud
729 804 854 836 sedem
881 802 1124 844 apostolicam
1149 802 1396 834 existentium
1420 802 1629 836 districtius
1656 803 1881 843 inhibemus,

254 871 297 894 ne
316 862 397 902 quis
415 860 624 892 haereticos
642 861 840 899 expectare
859 857 1044 899 quomodo
1061 856 1154 889 libet
1171 855 1228 889 vol
1248 857 1453 890 defendere
1471 859 1535 890 aut
1558 858 1648 899 ipsis
1672 858 1798 891 favere
1822 857 1880 891 vel

252 917 404 949 credere
422 913 681 956 quoquomodo
707 914 922 954 praesumat
941 925 948 953 ;
983 912 1173 954 praesenti
1190 912 1341 946 decreto
1369 912 1528 944 firmiter
1557 912 1774 952 statuentes,
1792 912 1834 945 ut
1849 913 1881 945 si

254 972 336 1012 quis
354 969 494 1011 aliquid
513 969 646 1001 horum
677 969 801 1000 facere
819 969 916 1000 forte
933 967 1240 1009 praesumpserit,
1260 967 1332 999 nisi
1355 967 1476 1008 primo
1494 967 1703 999 secundove
1719 976 1880 1000 commo-

256 1027 354 1058 nitus
372 1035 393 1057 a
422 1034 488 1057 sua
516 1032 628 1066 super
646 1023 716 1055 hoc
741 1023 929 1055 curaverit
961 1023 1265 1064 praesumptione
1299 1030 1458 1061 cessare,
1491 1022 1571 1063 ipso
1598 1022 1682 1063 jure
1699 1021 1747 1054 sit
1762 1023 1883 1054 factus

255 1080 416 1117 infamis,
437 1088 502 1111 nec
518 1079 562 1111 ad
588 1077 738 1120 publica
757 1078 880 1109 officia
896 1076 954 1109 vel
974 1076 1131 1109 consilia
1155 1077 1361 1117 civitatum,
1380 1085 1449 1109 nec
1465 1076 1510 1108 ad
1527 1075 1721 1118 eligendos
1738 1075 1886 1121 aliquos·

255 1135 300 1167 ad
318 1134 543 1175 hujusmodi,
570 1142 637 1164 nec
665 1132 710 1164 ad
733 1131 990 1164 testimonium
1007 1131 1251 1171 admittatur3
1282 1131 1330 1162 sit
1354 1130 1468 1163 etiam
1496 1129 1735 1172 intestabilis,
1754 1139 1822 1163 nec
1839 1129 1885 1163 ad

256 1189 499 1222 haereditatis
517 1187 790 1219 successionem
817 1187 981 1219 accedat.
1003 1185 1138 1218 Nullus
1163 1187 1359 1227 praetcrea
1384 1186 1455 1227 ipsi
1481 1186 1637 1227 cogatur
1661 1194 1774 1227 super
1797 1194 1885 1226 quo-

257 1253 414 1285 cumque
440 1243 590 1289 negotio
617 1241 868 1282 respondere3
898 1241 996 1282 quod
1025 1241 1055 1273 si
1083 1241 1210 1273 forsan
1238 1240 1352 1281 judex
1385 1240 1564 1279 extiterit,
1595 1239 1674 1281 cjus
1701 1240 1888 1273 sententia

257 1298 397 1331 nullam
416 1298 582 1329 obtineat
606 1297 836 1335 firmitatem,
856 1305 923 1329 nec
941 1305 1075 1328 causae
1093 1295 1243 1337 aliquae
1268 1296 1313 1328 ad
1339 1296 1420 1337 ejus
1444 1295 1674 1327 audientiam
1698 1295 1887 1336 perferan-

257 1361 339 1394 tur;
365 1354 395 1385 si
420 1353 534 1385 fuerit
551 1352 762 1389 advocatus,
783 1353 864 1393 ejus
889 1352 1140 1393 patrocinium
1165 1351 1379 1384 nullatenus
1404 1350 1645 1391 admittatur;
1671 1350 1701 1382 si
1718 1349 1886 1389 tabellio,

257 1409 505 1440 instrumenta
523 1416 590 1448 per
607 1407 728 1448 ipsum
745 1408 916 1439 confecta
933 1406 1074 1439 nullius
1091 1407 1240 1448 penitus
1258 1407 1333 1438 sint
1347 1406 1540 1444 momenti,v
1559 1405 1623 1438 sed
1639 1414 1722 1437 cum
1736 1405 1888 1437 auctore

258 1464 431 1496 damnato
446 1463 669 1494 damnentur
687 1473 695 1502 ς
722 1462 759 1494 in
785 1461 969 1493 similibus
983 1462 1082 1494 idem
1108 1461 1222 1494 etiam
1238 1461 1490 1502 praecipimus
1506 1461 1716 1502 observar13
1744 1461 1776 1493 si
1798 1469 1888 1493 vero

256 1518 416 1551 clericus
433 1518 560 1556 fuerit,
578 1517 621 1548 ab
639 1518 739 1549 omni
765 1517 888 1549 officio
913 1518 950 1549 et
982 1517 1164 1549 beneficio
1197 1517 1420 1557 deponatur,
1447 1517 1488 1548 ut
1515 1516 1554 1548 in
1582 1525 1654 1557 quo
1685 1516 1806 1557 maJ'or
1832 1516 1889 1549 est

256 1573 377 1614 culpa,
394 1572 546 1615 gravior
562 1574 784 1604 exerc-eatur
801 1572 975 1604 vindicta.
1010 1571 1047 1604 Si
1066 1571 1149 1612 quis
1175 1574 1301 1604 autem
1321 1570 1429 1610 tales,
1448 1571 1643 1612 postquam
1661 1571 1706 1603 ab
1731 1569 1891 1604 ecclesia

259 1629 400 1660 fuerint
438 1627 618 1666 denotati,
643 1627 911 1667 contempserit
950 1627 1104 1665 evitare,
1139 1626 1389 1658 anathematis
1420 1634 1459 1659 se
1490 1626 1636 1659 noverit
1667 1625 1890 1658 sententiam

260 1682 474 1715 incurrisse.
493 1681 537 1714 In
562 1682 673 1714 terris
697 1690 785 1714 vero
804 1681 1002 1722 temporali
1024 1683 1174 1713 nostrae
1189 1680 1445 1721 jurisdictioni
1459 1680 1638 1721 subjectis
1651 1681 1748 1713 bona
1760 1688 1890 1713 eorum

259 1737 455 1769 statuimus
482 1736 680 1778 publicari,
715 1738 752 1768 et
779 1736 817 1768 in
850 1735 934 1768 aliis
964 1736 1063 1768 idem
1093 1736 1175 1767 fieri
1204 1735 1456 1776 praecipimus
1491 1744 1559 1776 per
1588 1736 1830 1776 praesentes;
1855 1734 1892 1767 et

259 1791 448 1834 principes
469 1790 692 1829 saeculares,
719 1800 811 1831 quos
829 1791 874 1823 ad
899 1791 937 1822 id
966 1791 1226 1831 exequendum
1254 1791 1285 1822 si
1301 1790 1400 1822 forte
1425 1788 1666 1831 negligentes
1682 1789 1890 1829 extiterint,

260 1855 328 1888 per
351 1855 546 1878 censuram
564 1845 856 1878 ecclesiasticam
881 1847 1026 1878 remota
1053 1845 1307 1887 appellatione
1332 1843 1508 1886 compelli
1535 1843 1705 1877 volumus
1729 1845 1767 1877 et
1789 1853 1890 1877 man-

261 1902 402 1934 damus.

305 1956 440 1988 Datum
457 1956 647 1996 Laterani,
662 1955 753 1988 VIII
767 1955 843 1987 kal.
859 1954 1010 1996 Aprilis,
1027 1955 1267 1997 pontificatus
1285 1954 1403 1987 nostri
1421 1963 1517 1987 anno
1529 1953 1663 1995 primo.

610 2033 791 2066 odoricus
809 2032 1040 2074 Raynaldus,
1057 2030 1224 2064 Annales
1240 2030 1482 2069 ecclesiastici,
1508 2030 1591 2063 deel
1615 2029 1721 2070 XIII,
1747 2029 1816 2062 blz.
1835 2029 1892 2070 28,

654 2086 704 2119 ad
719 2097 865 2119 annum
881 2088 976 2126 1199,
996 2093 1034 2119 nr
1050 2087 1104 2119 23.
1117 2104 1161 2110 —-
1174 2086 1228 2118 De
1246 2086 1346 2118 tekst
1363 2095 1433 2118 van
1461 2085 1549 2118 deze
1566 2084 1802 2126 belangrijke
1827 2082 1891 2116 bul

648 2152 724 2174 was
737 2143 786 2183 bij
806 2141 960 2184 misslag
976 2142 1013 2173 in
1035 2140 1173 2184 Corpus
1188 2140 1212 2173 I
1231 2140 1313 2182 (blz.
1339 2141 1394 2181 60,
1420 2146 1458 2172 nr
1482 2139 1536 2182 60)
1561 2138 1809 2181 weggelaten.
1836 2138 1892 2171 De

657 2197 852 2239 ontleding
868 2197 899 2228 is
916 2206 958 2229 er
975 2196 1048 2228 ook
1065 2195 1292 2238 onvollcdig.
1313 2194 1409 2229 —In
1433 2195 1653 2237 September
1678 2193 1763 2227 1207
1785 2201 1892 2226 vaar-

658 2252 770 2294 digde
797 2252 1039 2284 Innocentius
1066 2251 1123 2284 III
1149 2260 1223 2293 nog
1247 2252 1442 2293 strengere
1465 2250 1603 2282 wetten
1630 2249 1686 2281 uit
1710 2250 1822 2291 tegen
1847 2248 1893 2281 de

659 2307 801 2339 ketters
824 2316 895 2339 van
922 2306 1088 2339 Viterbo.
1117 2305 1362 2349 (Raynaldus,
1395 2304 1477 2338 decl
1504 2304 1614 2344 XIII,
1644 2303 1712 2336 blz.
1741 2301 1817 2343 152,
1841 2301 1893 2336 ad

656 2371 802 2394 annum
815 2362 912 2401 1207,
928 2368 965 2394 nr
983 2361 1028 2403 1.)

948 2492 1017 2535 20
1051 2485 1220 2550 (73bis).

326 2623 436 2661 1228
455 2620 476 2662 ,2
519 2619 678 2673 Parz‘js
699 2619 720 2661 ?
750 2618 874 2662 Edict
896 2631 980 2661 van
1004 2618 1085 2660 den
1109 2617 1363 2661 Franschen
1389 2616 1554 2672 koning
1578 2615 1799 2673 Lodewijk
1823 2615 1888 2658 IX

267 2690 348 2732 den
386 2689 553 2745 Heilige
589 2692 720 2743 tegen
763 2687 815 2730 de
851 2687 1020 2730 ketters
1051 2700 1138 2730 van
1175 2686 1329 2743 geheel
1367 2686 1453 2743 ziJn
1495 2684 1582 2743 riJk
1619 2688 1684 2729 tot
1726 2697 1809 2728 aan
1839 2683 1892 2726 de

268 2757 462 2801 Schelde.

311 2848 535 2890 Cupientes'
527 2858 565 2880 in
578 2849 744 2882 favorem
761 2849 908 2881 divinae
926 2849 1013 2881 fidei
1031 2849 1068 2881 et
1084 2847 1344 2889 Inquisitionis
1368 2847 1483 2881 officii
1500 2856 1644 2880 necnon
1664 2845 1704 2878 in
1729 2844 1890 2878 detesta-

268 2901 408 2934 tionem
424 2900 518 2933 labis
534 2901 716 2942 perfidiae
731 2901 899 2934 haeresis
917 2901 1174 2943 praedictae...

612 2977 745 3012 Alleen
761 2978 848 3011 deze
862 2979 985 3012 eerste
997 2978 1173 3011 woorden
1189 2987 1259 3012 van
1276 2977 1329 3011 dit
1346 2977 1445 3012 edict
1456 2976 1606 3010 werden
1623 2984 1689 3008 ons
1705 2972 1886 3016 toevallig
