2050 3470
230 263 297 295 402
932 261 1070 296 ANNO
1097 262 1181 294 1419

234 373 355 414 ipsum
389 374 546 405 fratrem
578 372 788 405 Mattheum
813 373 1020 405 secundum
1051 373 1252 405 canonicas
1285 373 1417 413 puniat
1449 373 1677 412 sanctiones,
1703 374 1885 406 commis-⁴

231 429 400 460 sionibus
433 430 478 460 de
512 430 549 460 et
578 437 693 469 super
710 428 927 460 huiusmodi
951 427 1011 460 vel
1029 429 1217 460 consimili
1242 429 1404 461 materia
1420 429 1505 461 aliis
1532 429 1819 470 quibuscunque
1835 429 1874 461 in

230 492 372 525 genere
390 484 447 515 vel
466 484 503 515 in
523 483 648 524 specie
667 484 777 516 factis
795 483 1129 516 constitutionibus
1154 485 1191 516 et
1208 484 1511 517 ordinationibus
1536 484 1753 525 apostolicis
1777 484 1875 517 cete-

229 539 358 579 risque
383 539 585 571 contrariis
615 548 689 571 non
719 539 957 571 obstantibus
990 539 1291 579 quibuscunque.
1315 554 1326 566 υ

274 594 353 632 Que
382 595 535 635 quidem
560 595 775 627 commissio
808 595 957 636 signata
986 595 1058 627 fuit
1089 595 1128 627 in
1156 595 1256 627 hunc
1289 595 1469 627 modum:

276 663 288 678 α
311 650 366 682 De
405 650 582 682 mandato
619 650 763 682 domini
800 651 920 682 nostri
961 659 1057 691 pape
1089 651 1217 682 audiat
1253 651 1352 683 idem
1389 650 1730 683 reverendissimus
1769 650 1878 691 pater

228 705 403 737 dominus
428 705 632 737 cardinalis
659 706 697 737 et
720 705 901 746 procedat
926 705 1132 738 summarie
1157 708 1244 742 etc..
1271 707 1312 737 ut
1343 707 1498 747 petitur.
1524 719 1535 732 n

275 759 443 797 Quarum
457 761 610 801 quidem
629 761 939 793 commissionum
957 761 1088 802 vigore
1106 761 1206 793 idem
1221 761 1394 793 dominus
1410 760 1615 793 cardinalis
1632 760 1875 799 Veronensis,

228 814 344 847 iudex
373 816 411 846 et
432 815 713 848 commissarius
742 815 781 847 in
807 824 920 847 causa
946 814 1175 851 huiusmodi.
1210 816 1282 848 rite
1317 817 1355 848 et
1387 815 1559 858 legitime
1596 815 1805 856 procedens
1830 814 1877 847 ad

229 869 376 910 providi
406 870 476 902 viri
506 871 680 912 magistri
713 870 822 903 Olavi
849 871 996 910 Jacobi,
1028 871 1065 902 in
1095 871 1267 903 Romana
1292 871 1398 903 curia
1422 871 1680 912 procuratoris
1705 879 1748 902 ac
1772 870 1877 902 insti-

229 925 375 965 gatoris
404 934 469 957 seu
492 926 722 966 promotoris
748 926 862 957 officii
881 926 927 958 ad
954 925 1025 958 hoc
1052 926 1235 966 deputati,
1254 926 1487 966 instantiam,
1505 927 1664 958 fratrem
1682 924 1876 957 Matheum

231 979 405 1020 GrabOW,
443 980 694 1021 principalem
734 982 772 1013 in
812 981 913 1013 dicta
953 981 1218 1014 commissione
1258 981 1523 1023 principaliter
1554 983 1804 1023 nominatum,
1838 982 1879 1014 in

229 1035 403 1067 Romana
431 1036 535 1068 curia
561 1036 799 1076 existentem,
830 1036 876 1068 ad
906 1037 1107 1069 dicendum
1125 1038 1162 1068 et
1180 1037 1460 1077 opponendum,
1479 1037 1662 1077 quidquid
1688 1038 1802 1070 verbo
1820 1037 1878 1070 vel

231 1091 269 1122 in
288 1091 440 1132 scriptis
458 1091 585 1124 dicere
603 1092 679 1124 sive
700 1101 894 1133 opponere
913 1092 1027 1125 vellet
1051 1093 1184 1124 contra
1208 1092 1347 1124 dictam
1365 1092 1539 1125 ultimam
1562 1093 1879 1132 commissionem,

231 1155 300 1186 per
324 1147 471 1178 certum
504 1147 594 1179 dicti
628 1148 771 1179 domini
800 1147 921 1179 nostri
950 1156 1046 1188 pape
1076 1156 1270 1179 cursorem
1298 1148 1409 1179 citari
1431 1148 1622 1180 mandavit
1654 1149 1691 1181 et
1719 1148 1811 1180 fecit
1834 1148 1881 1180 ad

231 1202 377 1233 certum
406 1203 706 1243 peremptorium
731 1203 935 1235 terminum
962 1204 1253 1243 competentem.
1285 1202 1328 1234 In
1360 1212 1432 1243 quo
1451 1203 1603 1244 quidem
1627 1203 1787 1236 termino
1813 1212 1882 1244 per

230 1257 429 1297 providum
453 1258 576 1289 virum
600 1259 828 1300 magistrum
854 1258 1069 1291 Johannem
1095 1258 1140 1290 de
1170 1258 1375 1299 Scribanis,
1403 1258 1441 1290 in
1466 1259 1640 1291 Romana
1667 1259 1773 1291 curia
1797 1267 1880 1300 pro-

231 1314 458 1352 curatorem,
494 1322 567 1345 una
596 1323 681 1345 cuin
714 1313 815 1345 dicto
848 1314 967 1346 fratre
993 1313 1160 1352 Matheo,
1192 1313 1411 1355 principali,
1447 1323 1575 1346 coram
1601 1314 1701 1345 dicto
1727 1314 1879 1346 domino

232 1367 431 1408 cardinali,
462 1369 587 1401 iudice
613 1370 650 1401 et
674 1370 947 1408 commissario,
966 1369 1198 1401 iudicialiter
1223 1370 1506 1410 comparentem
1531 1369 1724 1401 nonnullis
1748 1378 1880 1410 excep-

231 1422 398 1454 tionibus
428 1424 560 1456 contra
592 1424 733 1457 dictam
769 1424 1074 1456 commissionem
1110 1425 1208 1456 facto
1242 1426 1281 1456 et
1312 1425 1351 1456 in
1381 1424 1533 1465 scriptis
1561 1424 1741 1457 exhibitis
1767 1426 1879 1466 atque

231 1478 328 1510 datis
356 1478 493 1511 deinde
526 1479 739 1520 comparuit
768 1480 805 1511 in
838 1480 979 1512 iudicio
1011 1489 1139 1512 coram
1173 1480 1307 1512 eodem
1335 1480 1487 1512 domino
1518 1480 1716 1519 cardinali,
1754 1480 1877 1512 iudice

232 1534 270 1565 et
305 1534 577 1575 commissario,
612 1535 795 1577 magister
835 1535 973 1568 Olavus
1008 1536 1156 1574 Jacobi,
1194 1536 1399 1577 instigator
1438 1544 1503 1568 seu
1542 1537 1738 1577 promotor
1767 1535 1881 1568 officii

232 1589 438 1629 predictus,
467 1591 505 1622 et
533 1590 579 1622 ad
607 1591 891 1623 informandum
922 1591 1089 1623 animum
1118 1591 1236 1631 ipsius
1267 1591 1410 1622 domini
1435 1590 1653 1630 cardinalis,
1683 1591 1818 1623 iudicis
1843 1591 1881 1623 et

232 1645 495 1684 commissarii,
522 1646 568 1678 de
597 1647 634 1677 et
672 1655 786 1687 super
811 1647 850 1678 in
873 1646 973 1678 dicta
1003 1646 1138 1679 ultima
1168 1646 1433 1679 commissione
1462 1646 1649 1678 contentis
1678 1645 1881 1678 nonnullos

234 1699 514 1740 inquisitiones,
544 1702 751 1742 positiones
782 1703 819 1734 et
849 1701 1030 1734 articulos
1058 1703 1157 1734 facto
1190 1701 1348 1734 realiter
1377 1702 1414 1734 et
1450 1702 1490 1734 in
1527 1702 1679 1743 scriptis
1708 1701 1881 1734 exhibuit

232 1756 345 1795 atque
372 1755 489 1788 dedit.
527 1756 670 1794 Quibus
705 1758 858 1798 quidem
893 1758 1146 1799 positionibus
1180 1760 1217 1790 et
1249 1756 1421 1790 articulis
1459 1758 1525 1797 sic,
1558 1759 1600 1790 ut
1632 1757 1879 1798 premittitur,

231 1811 328 1843 datis
352 1813 523 1852 prefatus
549 1813 725 1844 dominus
753 1812 972 1852 cardinalis,
990 1813 1103 1845 iudex
1122 1815 1160 1846 et
1185 1813 1468 1845 commissarius
1494 1813 1540 1845 ad
1564 1811 1682 1854 ipsius
1708 1812 1882 1854 magistri

232 1866 352 1905 Olavi,
368 1868 606 1909 instigatoris
623 1877 689 1900 seu
704 1869 935 1909 promotoris
953 1868 1081 1906 officii,
1100 1869 1322 1901 instantiam
1337 1869 1479 1900 dictum
1496 1868 1655 1901 fratrem
1674 1867 1881 1906 Matheum,

231 1922 494 1964 principalem,
521 1924 566 1955 ad
592 1923 794 1956 dicendum
826 1925 863 1956 et
895 1925 1174 1965 opponendum,
1211 1924 1392 1964 quidquid
1422 1924 1537 1956 verbo
1573 1922 1633 1956 vel
1666 1923 1705 1955 in
1731 1923 1882 1965 scriptis

232 1977 360 2010 dicere
389 1978 467 2011 sive
499 1988 691 2020 opponere
716 1979 833 2012 vellet
861 1982 992 2012 contra
1012 1980 1132 2012 dictos
1149 1980 1359 2021 positiones
1377 1981 1414 2012 et
1431 1980 1624 2019 articulos
1644 1980 1682 2012 in
1700 1981 1883 2021 quantum

232 2033 396 2072 articuli,
428 2043 575 2066 necnon
606 2035 652 2067 ad
677 2035 985 2076 respondendum
1012 2035 1154 2067 eisdem
1183 2035 1443 2078 singulariter,
1472 2035 1633 2078 singulis
1663 2035 1787 2068 medio
1816 2045 1883 2068 suo

231 2091 445 2123 iuramento
472 2091 512 2122 in
543 2092 700 2132 propria
730 2093 812 2124 eius
840 2101 1016 2132 persona,
1052 2092 1090 2124 in
1120 2089 1303 2132 quantum
1331 2092 1539 2133 positiones
1567 2091 1790 2130 existerent,
1816 2099 1885 2132 per

232 2148 378 2178 certum
403 2147 493 2178 dicti
519 2147 661 2179 domini
691 2147 812 2179 nostri
838 2156 934 2188 pape
951 2156 1145 2179 cursorem
1164 2148 1274 2179 citari
1293 2147 1484 2179 mandavit
1511 2149 1547 2179 et
1564 2147 1655 2179 fecit
1672 2147 1718 2179 ad
1738 2146 1883 2179 eertum

234 2202 534 2242 peremptorium
558 2202 765 2234 terminum
789 2203 1084 2242 competentem.
1114 2202 1158 2234 In
1188 2211 1260 2242 quo
1287 2202 1440 2242 quidem
1464 2202 1627 2234 termino
1658 2202 1737 2242 ipse
1762 2202 1883 2233 frater

234 2256 422 2295 Matheus,
448 2255 683 2298 principalis,
713 2266 841 2289 coram
874 2257 973 2289 dicto
1003 2257 1154 2289 domino
1181 2255 1379 2296 cardinali,
1405 2256 1529 2288 iudice
1554 2257 1591 2289 et
1608 2255 1888 2297 commissario,

234 2311 467 2344 iudicialiter
496 2321 721 2353 comparens
747 2311 951 2344 nonnullas
979 2313 1246 2354 responsiones
1279 2313 1325 2344 ad
1355 2312 1475 2344 dictos
1499 2307 1707 2353 positiones
1732 2311 1769 2343 et
1793 2311 1885 2343 arti-

234 2365 339 2398 culos
364 2376 432 2408 per
450 2367 718 2406 iuramentum,
745 2368 845 2408 quod
871 2367 1012 2399 ibidem
1042 2367 1088 2399 ad
1113 2367 1333 2399 mandatum
1361 2367 1479 2408 ipsius
1505 2366 1647 2399 domini
1665 2365 1882 2405 cardinalis,

235 2421 371 2454 iudicis
389 2423 426 2454 et
450 2423 713 2461 commissarii,
733 2424 770 2455 et
788 2423 826 2454 in
845 2423 927 2454 eius
952 2422 1126 2454 manibus
1140 2422 1251 2454 tactis
1276 2421 1528 2463 corporaliter
1544 2421 1744 2463 scripturis
1761 2430 1884 2454 sacro-

235 2477 375 2509 sanctis
393 2478 437 2509 ad
465 2479 594 2510 sancta
620 2478 690 2510 Dei
716 2478 930 2520 ewangelia
954 2478 1134 2519 prestitit,
1153 2479 1253 2510 facto
1283 2480 1319 2510 et
1346 2478 1384 2509 in
1402 2477 1553 2519 scriptis
1580 2476 1753 2509 exhibuit
1770 2478 1883 2517 atque

234 2532 350 2564 dedit.
370 2532 417 2564 Et
434 2532 650 2564 huiusmodi
668 2533 982 2574 responsionibus
1008 2533 1072 2571 sic,
1095 2534 1135 2565 ut
1151 2533 1401 2574 premittitur,
1421 2532 1603 2565 exhibitis
1620 2532 1833 2573 comparuit
1845 2531 1884 2563 in

236 2586 376 2619 iudicio
410 2596 538 2619 coram
577 2588 728 2620 domino
771 2588 970 2627 cardinali,
1001 2589 1127 2620 iudice
1164 2590 1202 2620 et
1240 2588 1500 2620 commissario
1526 2587 1728 2629 prelibato,
1762 2586 1886 2619 dictus

235 2643 356 2674 frater
384 2642 572 2680 Matheus,
603 2642 840 2684 principalis,
872 2645 910 2675 et
950 2643 1154 2675 nonnullos
1183 2643 1364 2676 articulos
1401 2643 1479 2675 sive
1520 2642 1782 2675 conclusiones
1817 2651 1886 2683 per

236 2708 336 2738 eum,
362 2701 403 2732 ut
430 2700 604 2737 asseruit,
624 2700 817 2731 confectos
846 2699 1004 2732 realiter
1028 2700 1127 2732 facto
1158 2701 1195 2731 et
1224 2700 1262 2731 in
1280 2699 1431 2740 scriptis
1448 2697 1620 2731 exhibuit
1639 2699 1751 2738 atquc
1768 2697 1885 2736 dedit,

235 2755 420 2795 tenorem,
451 2755 516 2795 qui
542 2754 727 2796 sequitur,
763 2755 1030 2787 continentes:

284 2822 296 2837 α
317 2809 649 2842 Reverendissime
674 2811 798 2851 pater.
824 2810 1093 2850 Infrascriptos
1111 2809 1293 2842 articulos
1318 2818 1383 2841 seu
1413 2808 1674 2840 conclusiones
1700 2807 1885 2840 verisimi-

236 2863 325 2896 liter
350 2864 461 2896 credo
496 2873 577 2896 esse
607 2865 644 2896 in
671 2866 836 2897 tractatu
863 2874 961 2904 meo,
992 2867 1030 2897 et
1063 2874 1109 2897 ex
1141 2873 1215 2897 una
1251 2863 1417 2903 illarum,
1455 2872 1527 2905 que
1556 2865 1613 2896 est
1647 2862 1884 2904 principalis,

237 2927 365 2950 omnes
395 2919 468 2951 alie
499 2920 750 2961 deducuntur,
778 2920 948 2961 exeeptis
977 2920 1134 2961 paucis:

269 2971 295 3000 ἀ
317 2973 452 3005 Nullus
484 2975 608 3015 potest
642 2974 745 3007 licite
776 2976 814 3007 et
848 2975 1060 3014 meritorie,
1086 2984 1211 3016 ymmo
1242 2984 1311 3007 nec
1329 2974 1517 3007 veraciter
1542 2973 1768 3011 obedientie.
1796 2982 1884 3014 pau-
