2050 3470
264 253 323 287 144
947 253 1086 291 ANNO
1111 254 1195 288 1374

917 434 989 479 93
1022 429 1217 493 (223ffi2).

319 577 437 625 1374,
489 569 637 621 Aken,
679 569 869 621 Keulen,
910 569 1189 614 Maastrz·0ht
1221 583 1273 614 en
1297 571 1433 616 Luik.
1459 572 1700 617 Uittreksel
1738 574 1801 619 uit
1832 575 1885 619 de

257 638 434 696 kronijk
459 652 543 682 van
566 639 650 681 Jan
673 652 757 681 van
781 638 955 696 Leijden
981 638 1094 696 (15‘1‘3
1111 641 1255 696 eeuw)
1277 653 1381 682 over
1409 640 1462 683 de
1494 642 1682 685 Dansers
1716 643 1881 689 aldaar.

801 787 857 821 De
874 792 977 832 peste
1001 793 1034 822 et
1058 787 1345 825 chorizantibus.

299 898 406 930 Anno
425 897 535 930 ctiam
553 897 685 930 eodem
705 896 818 941 [1374]
835 898 1008 932 miranda
1020 900 1058 932 et
1074 899 1243 933 inaudita
1266 901 1459 936 calamitas
1482 903 1711 946 Aquisgrani
1724 905 1762 938 et
1783 904 1886 938 Colo-

256 954 339 986 niae
374 963 415 986 ac.
445 953 482 985 in
508 951 592 985 aliis
617 952 831 985 civitatibus
860 953 960 986 circa
980 953 1156 987 Rhenum
1181 958 1265 989 orta
1281 958 1349 989 est.
1376 957 1630 991 Surrexerunt
1653 958 1887 993 chorizantes

258 1009 422 1049 quidam,
441 1007 612 1040 homines
626 1007 828 1049 promiscui
847 1017 957 1041 sexus
980 1009 1052 1041 viri
1070 1009 1215 1042 scilicet
1231 1012 1268 1043 et
1291 1011 1482 1052 mulieres,
1503 1013 1555 1045 sic
1580 1022 1602 1046 a
1625 1013 1887 1048 saltationibus

255 1065 331 1096 suis
350 1063 544 1102 nominati,
572 1062 634 1103 qui
652 1071 757 1096 more
771 1062 1042 1096 chorizantium
1060 1064 1247 1098 saltabant
1263 1067 1300 1098 et
1312 1067 1463 1100 tandem
1478 1068 1584 1109 quasi
1598 1069 1766 1102 amentes
1783 1069 1887 1103 cade-

255 1120 343 1151 bant
360 1119 398 1150 in
411 1119 563 1151 terram.

299 1174 347 1206 Hi
376 1174 476 1206 enim
504 1173 627 1215 primo
644 1174 827 1206 venerunt
858 1174 1087 1216 Aquisgrani
1121 1176 1166 1208 ad
1198 1176 1472 1210 dedicationem
1497 1178 1679 1212 ecclesiae
1704 1178 1887 1212 Dominae

256 1230 418 1268 nostrae,
433 1228 498 1260 ubi
523 1227 710 1260 saltabant
733 1228 820 1260 ante
842 1227 976 1270 altare,
990 1228 1106 1270 aliqui
1123 1239 1241 1271 usque
1258 1231 1304 1263 ad
1327 1231 1457 1264 altaris
1475 1231 1724 1266 altitudinem.
1743 1232 1887 1266 Deinde

255 1292 368 1326 super
380 1283 487 1317 sedes
501 1283 708 1315 residentes
725 1284 763 1315 et
779 1282 847 1315 hos
860 1282 976 1316 saltus
990 1285 1027 1316 et
1043 1294 1150 1317 casus
1164 1285 1217 1317 sic
1231 1295 1299 1327 per
1314 1286 1471 1329 longum
1485 1288 1632 1330 tempus
1649 1287 1888 1321 continuave-

258 1340 357 1379 runt,
370 1338 423 1372 ita
436 1339 535 1380 quod
555 1338 706 1379 quidam
724 1339 921 1380 crepentes
937 1340 1170 1380 defecerunt,
1183 1341 1334 1381 quidam
1352 1342 1465 1374 etiam
1483 1343 1584 1375 circa
1599 1343 1769 1376 ventrem
1784 1351 1884 1384 map-

253 1394 310 1435 pis
325 1393 494 1425 destricti
513 1401 559 1425 ne
574 1394 774 1434 creperent
791 1393 1053 1435 cingebantur.
1079 1393 1346 1436 Veneruntque
1364 1396 1409 1428 ad
1428 1397 1644 1437 Trajectum
1660 1396 1833 1438 superius
1849 1397 1887 1429 et

256 1449 436 1481 Leodium
455 1457 496 1480 ac
515 1447 608 1480 alias
626 1447 809 1486 civitates,
829 1449 866 1480 et
879 1448 1064 1489 capitibus
1082 1450 1159 1481 suis
1184 1450 1381 1483 denudatis
1398 1452 1499 1484 serta
1516 1452 1700 1494 quaedam
1715 1451 1889 1485 ferebant

252 1505 289 1536 ct
306 1503 507 1542 saltabant,
537 1503 685 1544 saepius
714 1511 753 1535 se
778 1503 878 1544 ipsos
902 1503 1102 1536 animando
1127 1504 1317 1538 dicentes:
1353 1505 1515 1548 Frtjsch,
1547 1505 1709 1549 Frijsch.
1727 1506 1776 1539 Et
1791 1505 1886 1539 nihil

253 1559 355 1591 aliud
373 1558 542 1591 addendo
560 1558 665 1590 ibant
682 1559 807 1590 autem
832 1558 878 1590 ad
895 1557 1073 1591 ecclesias
1106 1561 1192 1592 ante
1218 1559 1354 1593 altaria
1381 1562 1418 1594 et
1442 1562 1529 1594 ante
1552 1562 1737 1605 imagines
1754 1561 1886 1594 beatae

252 1614 394 1646 Mariae
407 1613 576 1656 Virginis
589 1612 642 1645 sic
659 1613 796 1645 ibidem
813 1612 1060 1653 chorizantes,
1078 1615 1115 1647 et
1132 1614 1241 1647 multi
1258 1624 1301 1648 ac
1324 1615 1464 1649 multae
1489 1617 1639 1650 eosdem
1659 1616 1885 1659 aspicientes

253 1671 536 1703 associebantur
553 1671 589 1702 et
607 1669 739 1702 eadem
755 1670 931 1711 passione
949 1670 1075 1702 statim
1093 1672 1412 1713 aggravabantur.

295 1725 462 1757 Tandem
480 1733 501 1757 a
525 1724 757 1766 sapientibus
773 1725 1007 1765 compertum
1035 1726 1103 1764 cst,
1122 1726 1221 1766 quod
1246 1725 1285 1757 hi
1303 1735 1325 1758 a
1341 1727 1586 1760 daemonibus
1611 1727 1719 1760 erant
1743 1726 1885 1759 obsessi

250 1782 314 1813 aut
331 1781 484 1822 arrepti,
499 1781 537 1813 et
560 1779 670 1812 multi
693 1788 740 1812 ex
756 1780 810 1813 eis
827 1789 895 1821 per
912 1781 1117 1813 exorcistos
1141 1790 1225 1814 cum
1239 1782 1493 1824 jurationibus
1518 1783 1556 1815 et
1579 1781 1816 1814 orationibus
1842 1789 1884 1813 ac

250 1835 457 1878 Evangelio
472 1836 507 1868 S.
525 1835 697 1875 Joannss,
716 1835 870 1867 circiter
882 1835 957 1868 tria
973 1835 1080 1868 milia
1096 1836 1135 1868 in
1149 1836 1306 1869 diversis
1320 1836 1427 1877 locis,
1443 1836 1560 1879 aliqui
1577 1836 1696 1870 levius
1713 1836 1751 1869 et
1767 1835 1887 1877 aliqui

249 1889 440 1922 difficilius
464 1890 618 1922 fuerunt
635 1889 768 1929 sanati,
789 1891 826 1922 et
851 1890 905 1922 sic
922 1891 1052 1931 postea
1076 1890 1144 1923 illa
1166 1890 1280 1934 plaga
1296 1891 1446 1924 defecit.
1467 1891 1623 1930 Quando
1641 1892 1767 1924 autem
1792 1891 1886 1923 dae—

249 1955 336 1977 mon
354 1945 579 1977 ascendebat
603 1944 641 1976 in
669 1944 836 1985 ipsorum
853 1945 1039 1985 cruribus,
1060 1946 1150 1978 tunc
1168 1955 1242 1978 non
1264 1946 1439 1987 poterant
1457 1955 1496 1979 se
1514 1955 1535 1979 a
1551 1945 1649 1978 saltu
1673 1945 1882 1978 continere.

250 2001 347 2033 Dum
363 2009 452 2033 vero
471 2001 508 2033 in
526 2001 696 2033 ventrem
713 2000 899 2039 veniebat,
914 2001 995 2033 dire
1012 2002 1286 2042 torquebantur
1302 2002 1340 2034 et
1353 2000 1578 2034 horribilem
1595 2001 1674 2033 tum
1691 2000 1884 2042 aspectum

249 2055 448 2089 habebant.
470 2055 679 2097 Aliquando
695 2064 792 2087 unus
810 2056 873 2087 aut
890 2064 965 2088 una
981 2055 1134 2088 illorum
1152 2065 1265 2097 super
1281 2055 1453 2098 scapulas
1471 2055 1628 2089 alterius
1653 2055 1822 2088 ascendit
1846 2055 1885 2087 et

250 2120 289 2144 se
305 2111 344 2144 in
362 2114 449 2145 aere
462 2111 655 2144 mirabilia
671 2111 799 2144 videre
817 2110 924 2143 dixit.

293 2164 403 2198 Multi
420 2164 515 2198 tales
539 2175 684 2198 summo
707 2174 817 2198 mane
836 2167 922 2198 ante
939 2166 1078 2198 festum
1107 2166 1274 2198 omnium
1300 2166 1516 2197 sanctorum
1533 2163 1643 2196 simul
1661 2163 1883 2205 congregati

249 2220 288 2252 in
301 2220 457 2254 consilio
472 2230 538 2253 suo
553 2221 815 2260 decreverunt,
842 2221 941 2261 quod
958 2221 997 2252 in
1022 2221 1083 2253 die
1112 2221 1279 2253 omnium
1297 2221 1514 2253 sanctorum
1531 2227 1660 2252 omnes
1676 2219 1821 2260 pariter
1837 2218 1884 2251 ad

248 2274 446 2308 ecclesiam
463 2276 581 2308 sancti
610 2276 801 2309 Lamberti
830 2276 868 2308 in
897 2276 1037 2309 Leodio
1067 2276 1313 2309 convenirent
1329 2276 1367 2308 et
1384 2276 1473 2307 tunc
1497 2283 1626 2307 omnes
1642 2273 1883 2316 presbyteros

247 2328 387 2362 ibidem
405 2330 631 2363 occiderent.

291 2384 363 2417 Sed
397 2383 494 2417 Deus
525 2385 651 2418 omnia
674 2385 838 2418 suaviter
867 2385 1069 2427 disponens
1101 2384 1171 2417 hoc
1195 2385 1402 2426 impedivit.
1437 2384 1542 2418 Unus
1579 2383 1695 2417 etiam
1722 2382 1880 2415 daemon

247 2437 399 2471 illorum
416 2440 609 2481 adiuratus
626 2441 667 2472 ut
684 2440 827 2473 diceret
842 2449 910 2472 cur
926 2439 1059 2472 talium
1073 2448 1282 2482 pauperum
1299 2441 1336 2472 et
1361 2449 1434 2471 non
1460 2439 1617 2471 divitum
1641 2438 1706 2470 aut
1728 2437 1881 2479 presby—

246 2495 414 2526 terorum
438 2503 599 2536 corpora
613 2494 828 2534 intrassent,
862 2495 1057 2537 respondit
1076 2505 1083 2527 z
1111 2494 1246 2528 Clerici
1263 2495 1302 2527 et
1328 2494 1540 2536 presbyteri
1556 2493 1686 2525 dicunt
1710 2491 1879 2533 quotidie

245 2549 301 2580 tot
324 2550 453 2582 sancta
476 2550 513 2582 et
535 2549 694 2591 pulchra
709 2551 823 2583 verba
839 2550 878 2582 in
902 2549 1131 2591 quotidianis
1162 2549 1267 2582 horis
1292 2549 1400 2581 nobis
1424 2548 1616 2581 contraria
1640 2548 1678 2580 et
1694 2546 1876 2586 taediosa,

245 2605 344 2645 quod
362 2614 448 2638 raro
465 2605 649 2638 intramus
668 2615 799 2639 eorum
816 2615 987 2648 corpora.
1009 2605 1080 2638 Sed
1096 2606 1195 2638 forte
1213 2606 1298 2647 post
1314 2613 1431 2637 unum
1443 2612 1610 2637 mensem
1634 2603 1879 2635 intrassemus

246 2668 406 2701 corpora
422 2660 578 2693 divitum
596 2662 633 2693 et
656 2670 725 2703 per
749 2670 812 2694 eos
828 2661 1123 2703 perdidissemus
1139 2661 1260 2692 totum
1277 2659 1432 2693 clerum.

591 2737 613 2770 J
618 2735 677 2770 oh.
697 2746 719 2770 a
735 2737 885 2779 Leydis,
912 2736 1136 2770 Chronicu‘m
1152 2735 1357 2779 Belgicam,
1374 2737 1455 2769 Lib.
1477 2734 1620 2775 XXXI,
1639 2743 1718 2777 cap.
1738 2732 1876 2775 XXVI;

635 2791 863 2834 uitgegeven
877 2792 970 2824 door
983 2792 1023 2824 F.
1041 2791 1257 2831 Sweertius‚
1276 2790 1417 2825 Rerum
1435 2789 1674 2832 Belyz'carum
1698 2787 1876 2829 Annales,

635 2846 718 2879 deel
733 2846 765 2886 Ι,
784 2846 852 2879 blz.
883 2846 1050 2887 299-300;
1069 2845 1305 2888 aangehaald
1323 2845 1417 2877 door
1442 2844 1482 2877 F.
1505 2844 1544 2876 in
1557 2842 1611 2875 De
1627 2839 1875 2880 Navorscher,

633 2900 686 2932 41¹⁶
697 2901 896 2944 jaargang,
911 2901 981 2935 blz.
998 2901 1041 2935 88
1055 2901 1182 2943 (1854).
