2050 3470
239 293 280 324 10
881 292 1016 347 ANNQ
1043 292 1229 324 1175-1177

280 402 494 435 sanctitatis
508 404 628 434 vestre
647 403 979 435 “onsiderationem
996 403 1259 446 subterfugere
1277 413 1350 436 non
1374 404 1548 443 arbitror,
1579 406 1727 446 quantis
1744 405 1855 441 hodie

237 457 405 491 navicula
446 458 549 489 Petri
574 458 755 489 viciorum
788 458 960 490 fluctibus
988 457 1238 499 propulsetur,
1270 467 1381 499 quam
1412 459 1649 500 impudenter
1673 469 1857 502 generosa

236 521 369 555 sponsa
395 510 531 544 Christi
567 521 589 544 a
616 513 691 545 suis
719 514 965 555 prostituatur
996 513 1264 555 paranimphis.
1293 514 1449 546 Parcius
1480 515 1630 555 quidem
1654 515 1856 550 dolendum

237 576 328 606 crat.
347 570 377 601 si
403 576 477 601 tam
496 569 675 609 probrosa
692 569 736 601 ab
755 569 944 601 extraneis
961 570 1166 610 pateretur,
1202 570 1232 601 si
1265 569 1303 601 hi
1336 569 1398 610 qui
1431 569 1524 601 toris
1549 570 1646 608 sunt,
1672 572 1749 603 suis
1774 581 1856 605 eam

236 626 475 656 concuterent
496 623 853 665 impugnationibus,
873 625 921 655 At
950 633 1045 656 nunc
1063 624 1163 656 cives
1187 633 1272 656 suos
1290 625 1549 665 persecutores
1566 625 1724 658 sustinet
1740 627 1777 658 et
1793 635 1856 660 eos

236 687 328 719 quos
347 678 490 719 genuit.
519 677 689 709 inimicos
707 678 912 719 experitur.
931 678 1038 710 Nunc
1069 678 1147 719 ipse
1179 679 1307 719 partus
1334 677 1456 710 ventri
1480 677 1636 712 insultat
1663 681 1701 713 et
1723 681 1793 714 filii
1818 682 1856 715 in

236 735 393 766 matrem
420 736 626 771 armantur,
646 742 742 764 nunc
761 732 1098 774 pseudodiscipulis
1115 733 1337 774 magistrum
1351 732 1465 764 tradit
1492 734 1660 767 veritatis
1684 736 1721 768 et
1752 745 1774 768 a
1789 745 1855 769 suo

235 788 420 823 Absalonc
440 788 557 820 David
581 791 796 820 mansuetus
824 787 1076 820 conculcatur.
1106 788 1210 821 Inter
1241 787 1308 820 has
1325 787 1490 820 desolate
1519 787 1618 828 Syon
1649 789 1854 830 angustias,

237 846 345 887 pauci
363 848 443 877 sunt
464 845 526 885 qui
541 844 781 877 consolentur
795 852 875 876 eam
893 853 938 876 ex
958 844 1129 876 omnibus
1142 843 1242 875 curis
1259 844 1340 884 ejus
1358 854 1366 880 2
1397 843 1506 876 amici
1532 843 1612 883 ejus
1637 845 1857 884 spreverunt

235 909 316 933 eam
335 905 369 931 ct
390 900 476 931 facti
496 906 577 931 sunt
594 899 627 931 ci
646 899 802 931 inimici.
814 898 918 936 Quod
937 908 1007 941 ego
1024 900 1099 938 jam
1118 899 1263 940 pridem
1280 899 1382 931 cordi
1400 908 1483 930 meo
1502 906 1691 938 apponens
1702 898 1856 939 apposui

236 959 268 985 et
286 951 465 990 dolorem,
485 953 590 992 cujus
609 952 707 993 ignis
725 952 762 983 in
780 952 1023 983 meditatione
1041 960 1124 983 mea
1140 952 1358 992 frequenter
1385 952 1537 984 exarsit.
1568 952 1738 993 Denique
1756 952 1856 985 flam-

235 1016 379 1039 marum
397 1007 530 1048 globos
547 1007 583 1038 in
609 1006 823 1048 angustiato
852 1011 1004 1047 pectore
1036 1005 1288 1038 coalescentes
1316 1005 1475 1038 ulterius
1502 1007 1602 1038 terre
1626 1016 1699 1038 non
1715 1006 1856 1046 valens,

234 1072 357 1095 meum
374 1062 455 1094 voci
473 1061 613 1094 credidi
633 1060 800 1093 dolorem
829 1063 867 1093 et
894 1061 991 1102 quod
1017 1062 1054 1093 in
1087 1061 1199 1094 corde
1216 1061 1277 1093 diu
1307 1060 1481 1100 latuerat,
1500 1060 1629 1103 lingue
1647 1061 1856 1094 ministerio

233 1117 413 1159 expressi.
440 1116 584 1158 Quippe
616 1117 739 1148 officio
770 1117 1042 1157 predicationis
1064 1117 1252 1155 insistens,
1279 1116 1423 1148 accinxi
1448 1125 1507 1149 me
1532 1115 1658 1159 gladio
1688 1118 1856 1160 ancipiti,

233 1174 346 1207 verbo
370 1171 543 1205 videlicet
562 1171 724 1210 Domini,
744 1180 872 1203 secans
889 1171 980 1204 vitia
996 1172 1034 1204 et
1046 1173 1287 1212 prosternens
1305 1172 1342 1203 et
1359 1171 1501 1203 faciens
1518 1171 1796 1213 increpationes
1819 1173 1857 1205 in

233 1226 393 1268 populis.
419 1227 569 1264 Verum,
595 1228 634 1257 ut
650 1226 763 1257 totius
781 1228 976 1267 pretaxate
993 1225 1245 1267 corruptionis
1259 1234 1372 1258 eausa
1390 1225 1539 1258 sublata
1554 1225 1703 1259 facilius
1722 1236 1861 1260 ammo-

231 1282 506 1322 veretur‚ipsos
523 1289 698 1323 agressus
715 1289 796 1312 sum
821 1281 1053 1321 presbiteros
1069 1280 1181 1320 liujus
1214 1280 1430 1322 pestilentie
1462 1281 1652 1313 ministros
1679 1280 1798 1312 factos
1821 1280 1860 1312 in

232 1335 498 1368 offendiculum
515 1335 640 1367 domui
658 1334 788 1367 Israel.
799 1334 985 1373 Quosdam
1000 1335 1127 1376 itaque
1141 1336 1285 1368 secreto
1301 1336 1523 1376 corripiens,
1543 1333 1743 1368 nonnullos
1759 1334 1860 1367 testi-

231 1391 298 1422 bus
316 1390 493 1423 adhibitis
510 1390 734 1429 commonui,
754 1391 791 1422 et
804 1390 893 1431 quia
908 1398 1034 1422 coram
1048 1390 1220 1422 omnibus
1245 1390 1449 1431 peccabant
1473 1391 1509 1422 et
1533 1391 1727 1431 peccatum
1751 1397 1859 1421 suum

231 1445 327 1477 sicut
344 1445 503 1478 Sodoma
519 1444 776 1486 predicabant,
793 1445 885 1477 vitia
901 1453 1031 1477 eorum
1056 1445 1278 1485 quandoque
1298 1453 1427 1477 coram
1451 1445 1623 1478 omnibus
1641 1443 1857 1486 perstrinxi,

232 1504 271 1532 ut
287 1500 339 1532 ita
352 1502 387 1531 et
406 1498 610 1540 apostolice
628 1499 876 1531 ordinationis
892 1500 1001 1531 tenor
1018 1500 1233 1532 servaretur
1250 1501 1287 1532 et
1300 1500 1520 1541 preceptum
1537 1509 1611 1532 non
1629 1499 1859 1533 offenderen-

231 1555 387 1594 tur(sie)
400 1554 580 1586 veritatis
600 1554 664 1586 Ait
691 1554 791 1586 enim
818 1553 1043 1595 Apostolus:
1076 1568 1091 1580 ιι
1111 1554 1335 1587 Peccantem
1364 1563 1490 1586 coram
1515 1555 1698 1594 omnibus,
1731 1562 1859 1587 coram

231 1609 402 1641 omnibus
416 1617 535 1650 argue
547 1623 562 1636 n
577 1619 585 1648 3
600 1610 637 1640 et
653 1609 791 1641 veritas
809 1608 847 1641 in
865 1608 1071 1651 Evangelio
1088 1618 1095 1640 :
1126 1623 1141 1635 ιι
1153 1608 1190 1641 Si
1209 1609 1426 1650 peccaverit
1443 1609 1481 1640 in
1494 1610 1543 1647 te,
1562 1610 1599 1641 te
1613 1608 1767 1647 sciente,
1783 1608 1858 1640 fra-

230 1666 288 1697 ter
301 1670 398 1702 tuus,
417 1664 565 1704 corripe
582 1671 667 1695 eum
680 1674 716 1703 ἰς
735 1665 773 1695 et
789 1665 925 1696 cetera.
946 1663 1004 1696 Ita
1017 1673 1100 1706 ego.
1114 1664 1252 1696 Verum
1273 1664 1342 1705 ipsi
1361 1663 1525 1704 quidem,
1535 1663 1607 1705 ipsi
1624 1661 1859 1696 miserabiles

230 1720 267 1752 et
296 1719 407 1752 flendi
436 1719 481 1751 ab
507 1718 726 1751 inveteratis
758 1718 948 1751 ulceribus
971 1719 1222 1760 correptionis
1254 1719 1351 1750 testa
1375 1727 1449 1750 non
1482 1718 1692 1751 sustinuere
1715 1717 1859 1750 saniem

229 1775 408 1817 abstergi,
439 1775 501 1807 sed
533 1775 805 1807 freneticorum
832 1782 937 1806 more
970 1783 1123 1807 manum
1154 1774 1320 1806 curantis
1348 1773 1605 1815 reppulerunt,
1622 1773 1766 1806 medico
1791 1781 1857 1805 suo

229 1830 498 1863 comminantes
517 1839 526 1870 ς
541 1830 606 1862 sed
624 1838 692 1862 nec
705 1830 758 1862 ita
775 1839 796 1862 a
818 1829 1011 1871 proposito
1031 1830 1172 1870 destiti,
1191 1829 1279 1870 quia
1295 1829 1432 1862 caritas
1450 1828 1588 1861 Christi
1611 1829 1773 1871 urgebat
1784 1838 1856 1863 me.

224 1887 427 1920 Audieram
451 1886 552 1919 enim
580 1886 625 1918 ab
643 1885 725 1927 ipsa
740 1885 911 1919 veritate.
938 1885 1037 1926 quod
1053 1884 1208 1918 lucerna
1220 1884 1391 1917 veritatis
1409 1892 1483 1916 non
1498 1885 1580 1916 erat
1596 1883 1858 1918 abscondenda

226 1942 293 1974 sub
311 1941 435 1974 modio
453 1940 612 1974 timoris.
628 1940 832 1974 Audieram
856 1940 894 1972 et
922 1949 944 1972 a
968 1940 1098 1981 Petro,
1128 1940 1229 1981 quod
1261 1940 1411 1981 oportet
1440 1939 1518 1971 Deo
1550 1938 1672 1981 magis
1703 1939 1858 1973 obedire

228 2005 339 2038 quam
358 1995 598 2037 hominibus3
629 1995 822 2028 audieram
846 1996 884 2028 et
906 2003 928 2026 a
955 1994 1193 2036 philosopho,
1220 1995 1398 2035 quoniam
1425 1994 1564 2027 veritas
1592 1993 1720 2026 odium
1743 1995 1856 2036 parit.

228 2053 277 2084 At
296 2051 366 2093 ipsi
383 2051 580 2084 reddentes
597 2051 736 2083 malum
767 2060 835 2092 pro
853 2050 960 2082 bonis
977 2051 1014 2083 et
1046 2050 1173 2082 odium
1194 2058 1263 2091 pro
1291 2049 1492 2082 dilectione
1521 2057 1605 2082 mea
1622 2048 1858 2092 collegerunt

227 2105 440 2146 concilium,
465 2106 710 2139 decernentes
745 2114 804 2137 me
840 2105 951 2137 ruina
978 2104 1254 2146 dampnationis
1287 2104 1600 2146 opprimendumg
1625 2105 1663 2137 et
1700 2104 1789 2146 quia
1815 2105 1854 2138 in

227 2162 402 2203 operibus
415 2162 521 2200 meis,
542 2162 619 2194 Deo
637 2160 856 2202 opitulante,
890 2159 1005 2192 nichil
1035 2159 1102 2192 tali
1126 2159 1283 2201 dignum
1298 2159 1514 2202 repperitur
1529 2159 1744 2201 opprobrio,
1761 2159 1855 2192 facti

227 2224 312 2250 sunt
329 2226 491 2259 aucupes
505 2216 736 2255 sillabarum,
752 2217 794 2248 ut
806 2224 866 2248 me
884 2216 1062 2257 caperent
1075 2215 1113 2246 in
1131 2223 1316 2247 sermone.

273 2272 370 2304 Dum
386 2272 505 2314 igitur
521 2272 560 2304 in
573 2271 884 2313 interrogationis
902 2271 939 2303 et
964 2270 1220 2312 responsionis
1238 2269 1441 2302 collatione
1457 2269 1762 2302 Emerentianam
1775 2269 1857 2303 sine

230 2326 366 2360 actuali
381 2326 622 2368 perceptione
636 2325 870 2367 baptismatis
894 2325 1011 2357 fuisse
1035 2323 1217 2357 salvatam
1232 2333 1494 2366 proponerem,
1512 2324 1725 2357 Romanum
1741 2324 1856 2357 etiam

229 2391 253 2414 a
269 2381 471 2415 Laurentio
489 2390 708 2414 conversum
727 2380 807 2413 sine
820 2379 1006 2422 corporali
1024 2379 1236 2421 sumptione
1254 2379 1440 2412 Dominici
1457 2379 1626 2421 corporis
1650 2380 1687 2412 et
1704 2378 1854 2421 sangui-

229 2437 300 2477 nis,
331 2437 602 2479 suggesserunt
632 2435 770 2468 litteris
803 2435 880 2468 suis
904 2433 1074 2467 clanculo
1115 2433 1335 2475 conscriptis
1366 2433 1525 2466 ecclesie
1565 2433 1764 2467 Leodiensi
1796 2441 1856 2466 me

229 2492 379 2534 publice
397 2491 610 2532 predicasse
641 2491 876 2523 sacramenta
904 2499 978 2522 non
1007 2498 1088 2522 esse
1112 2489 1325 2521 necessaria
1355 2489 1402 2521 ad
1429 2488 1598 2521 salutem.
1632 2487 1742 2523 Item,
1768 2487 1856 2520 dum

228 2547 379 2588 quidam
397 2547 567 2578 astruere
580 2544 706 2585 vellet,
740 2545 840 2586 quod
872 2545 911 2576 in
939 2545 1174 2577 sacramento
1207 2543 1450 2582 eucharistie,
1479 2552 1522 2576 eo
1549 2543 1647 2584 quod
1672 2541 1856 2575 delatore

231 2601 369 2634 Christi
383 2601 536 2643 sanguis
556 2602 594 2633 et
607 2609 704 2641 aqua
734 2600 979 2641 profluxerat,
1003 2599 1133 2630 vinum
1160 2607 1227 2640 pro
1257 2598 1441 2640 sanguine
1465 2605 1561 2638 aque
1587 2596 1747 2629 mixtum
1765 2597 1855 2638 poni

231 2655 396 2695 deberet,
423 2655 567 2696 quesivi
599 2664 672 2687 non
696 2656 782 2686 voto
810 2653 991 2694 discendi,
1020 2653 1085 2685 sed
1102 2653 1224 2685 studio
1256 2651 1570 2694 reprehendendi,
1597 2660 1665 2684 cur
1680 2649 1856 2684 similiter

230 2719 297 2752 pro
312 2719 408 2751 aqua
420 2709 478 2742 lac
495 2709 547 2741 ibi
565 2719 637 2742 non
652 2710 915 2751 apponeretur.
927 2706 1275 2741 conclamaverumt
1287 2715 1378 2749 ergo
1394 2714 1453 2738 me
1467 2705 1684 2745 asseruisse,
1693 2704 1792 2746 quod
1808 2704 1855 2737 de

231 2764 327 2797 lacte
345 2765 469 2806 posset
482 2763 710 2797 eucharistia
723 2763 948 2796 consecrari.
979 2762 1084 2801 Quod
1107 2771 1193 2795 eum
1217 2761 1416 2800 audissem,
1431 2761 1527 2793 sicut
1540 2759 1680 2793 nullius
1695 2760 1854 2793 istorum

232 2819 403 2851 conscius
420 2819 594 2860 obstupui
608 2820 646 2851 et
661 2827 789 2851 coram
806 2819 954 2860 prefata
969 2816 1130 2851 ecclesia
1152 2816 1252 2850 hunc
1268 2824 1436 2849 errorem
1453 2815 1653 2854 inficiatus,
1672 2815 1853 2856 spopondi

232 2883 304 2912 me,
319 2874 348 2906 si
368 2874 584 2916 impeterer,
611 2874 840 2907 sufficienter
864 2881 1133 2914 responsurum
1166 2871 1224 2904 his
1256 2870 1437 2903 omnibus.
1464 2870 1603 2903 Verum
1628 2869 1680 2902 nil
1697 2869 1853 2912 profuit,

231 2928 295 2962 sed
312 2931 442 2961 contra
458 2937 642 2961 canonum
669 2928 881 2961 sanctiones
906 2927 1020 2959 etiam
1049 2928 1135 2959 ante
1159 2926 1390 2964 citationem,
1420 2925 1556 2958 nedum
1583 2924 1851 2957 discussionem

230 2983 454 3017 sententiam
479 2982 755 3026 dampnationis
786 2980 939 3026 protuli,
966 2981 1147 3015 beneficio
1176 2979 1287 3015 simul
1315 2981 1354 3015 et
1380 2979 1502 3013 officio
1519 2979 1700 3022 privatus.
1732 2978 1852 3013 Porro
