2050 3470
272 287 334 322 166
955 283 1092 320 ANNO
1117 283 1201 318 1307

271 399 456 438 Romana,
474 397 563 439 quia
579 405 652 430 non
669 396 837 439 loquitur
864 396 910 429 de
926 395 998 438 hijs
1021 396 1206 438 personis,
1232 398 1297 431 sed
1321 396 1367 431 de
1396 397 1632 440 quibusdam,
1661 398 1726 442 qui
1761 409 1900 435 novum

273 455 442 488 ordinem
458 453 496 486 ct
526 451 752 495 religionem
775 451 948 484 inuenire
980 460 1046 484 seu
1075 451 1247 485 habitum
1279 461 1378 486 noue
1408 452 1606 496 religionis
1631 456 1900 497 presumebant

273 516 475 547 assumere,
500 516 659 549 quorum
694 506 811 548 aliqui
842 515 864 539 a
885 506 1044 539 veritate
1072 506 1257 541 catholice
1286 508 1374 541 fidei
1402 509 1615 550 deuiabant,
1642 509 1901 544 ecclesiastica

272 563 506 597 sacramenta
529 562 784 603 despiciebant
800 562 837 594 et
854 570 999 594 errores
1017 561 1111 594 alios
1131 562 1394 604 multipliciter
1412 564 1599 598 seminare
1625 565 1838 605 studebant,
1857 566 1899 599 ut

272 622 374 663 patet
398 621 516 651 totum
540 619 749 651 discursum
780 617 882 650 illius
914 619 1198 652 constitucionis
1231 619 1491 661 perspicientj.
1521 620 1570 653 At
1597 620 1663 661 hij,
1697 620 1742 654 de
1761 621 1898 662 quibus

272 675 454 717 queritur,
472 674 677 706 secundum
703 674 913 713 veritatem,
933 682 1004 715 que
1032 674 1129 706 Deus
1159 675 1227 714 est,
1255 684 1328 707 non
1354 675 1439 707 sunt
1456 674 1563 708 tales.
1582 675 1713 708 Ymmo
1729 677 1816 708 sunt
1829 675 1901 717 illi,

271 732 316 763 dc
334 729 506 771 qualibus
523 729 690 769 loquitur
713 729 928 770 supradicta
952 730 1202 772 extravagans
1228 729 1399 772 Gregorij
1426 730 1461 771 xj
1481 729 1541 762 Ea>
1566 730 1744 772 iniuncto,
1770 733 1900 775 utpote

271 786 329 819 illi
353 785 416 827 qui
433 783 627 816 humiliter
643 785 680 816 et
696 783 852 817 honeste
869 784 908 816 in
924 785 1146 826 paupertate
1163 785 1201 817 et
1214 785 1386 817 castitate
1398 784 1540 825 vivunt,
1565 785 1743 819 ecclesias
1760 787 1897 821 deuote

272 840 525 883 frequentant,
553 839 723 872 Romane
750 838 909 872 ecclesie
933 848 1139 882 eorumque
1168 839 1309 873 curatis
1336 840 1374 873 et
1388 840 1546 882 prelatis
1571 842 1795 875 reuerenter
1818 842 1905 877 obe-

273 898 393 935 diunt,
411 894 525 928 nullis
542 903 581 927 se
598 895 792 927 erroribus
808 895 1053 935 inuoluendo,
1081 895 1145 928 sed
1163 895 1296 928 intimo
1315 895 1484 928 caritatis
1498 905 1626 930 amore
1651 897 1725 930 sibi
1741 898 1907 932 inuicem

273 951 472 985 seruiendo
487 959 529 983 ac
546 950 803 983 desiderantes
821 959 933 992 quam
949 949 1157 992 plurimum
1182 960 1225 984 ac
1250 950 1362 983 simul
1387 952 1424 984 et
1440 951 1605 985 inuicem
1622 952 1662 985 in
1679 951 1906 987 humilitatis

275 1007 409 1050 spiritu
426 1005 619 1039 Altissimo
650 1004 839 1038 famulari.
860 1005 994 1038 Tercio
1019 1006 1143 1048 potest
1172 1005 1370 1039 euidenter
1385 1014 1454 1048 per
1476 1006 1553 1039 iam
1577 1007 1715 1040 dictam
1732 1009 1909 1042 constitu-

275 1063 422 1096 cionem
445 1060 504 1094 Eoe
527 1060 692 1092 iniuncto
729 1057 873 1100 colligi,
905 1058 1005 1099 quod
1036 1058 1175 1100 prefati
1200 1057 1372 1091 homines
1404 1059 1512 1091 extra
1538 1058 1766 1102 religionem
1797 1061 1910 1095 simul

275 1117 489 1151 habitantes
506 1115 544 1149 et
560 1115 598 1147 in
612 1113 801 1147 communi
819 1112 930 1145 simul
947 1113 1119 1146 viuentes
1135 1114 1176 1155 Jn
1201 1113 1408 1155 prouincijs
1426 1113 1654 1155 Coloniensi,
1681 1115 1910 1150 Treuerensi

276 1175 313 1207 et
329 1170 612 1215 Maguntinensi
631 1169 717 1202 sunt
741 1168 863 1201 solum
893 1169 930 1201 et
958 1168 1177 1215 immediate
1208 1169 1395 1211 suppositi
1418 1169 1673 1204 iurisdictioni
1699 1172 1737 1204 et
1763 1173 1911 1214 protec-

278 1228 370 1270 tionj
407 1228 732 1269 dyocesanorum3
772 1233 872 1264 nam,
909 1225 1023 1265 prout
1047 1232 1093 1257 ex
1116 1225 1249 1257 tenore
1289 1224 1388 1257 dicte
1418 1225 1703 1258 constitucionis
1742 1228 1912 1268 apparet,

278 1283 483 1326 Gregorius
501 1283 550 1324 xj.
571 1279 772 1314 committit
797 1281 834 1313 et
851 1279 1003 1312 mandat
1026 1279 1283 1321 predictarum
1310 1280 1595 1321 prouinciarum
1619 1280 1913 1325 archiepiscopis

278 1347 483 1380 eorumque
500 1336 762 1379 suffraganeis,
783 1335 966 1377 quatenus
984 1335 1152 1377 ipsorum
1176 1334 1318 1377 singuli
1343 1335 1382 1368 in
1407 1335 1483 1368 suis
1500 1335 1717 1369 ciuitatibus
1735 1337 1772 1370 et
1789 1337 1912 1371 dioce-

280 1394 382 1426 sibus
410 1394 456 1426 de
486 1392 701 1425 huiusmodi
724 1390 940 1423 hominibus
968 1391 1165 1432 utriusque
1194 1399 1305 1423 sexus
1332 1391 1473 1423 ibidem
1501 1392 1832 1433 commorantibus,
1865 1393 1912 1426 de

280 1450 448 1491 ipsorum
470 1449 547 1481 vita
571 1449 608 1481 et
624 1447 917 1480 conuersacione
935 1447 973 1479 et
997 1447 1109 1486 statu,
1128 1446 1165 1479 et
1187 1455 1234 1479 an
1250 1445 1397 1487 aliquos
1414 1455 1563 1479 errores
1580 1447 1619 1479 in
1635 1447 1709 1481 fide
1726 1447 1913 1481 catholica

281 1505 446 1544 teneant,
480 1503 685 1546 diligenter
711 1502 905 1543 inquirant
936 1502 973 1534 et
1000 1501 1170 1543 plenarie
1200 1501 1394 1534 informati
1415 1501 1624 1543 culpabiles
1655 1503 1850 1546 corrigant
1874 1504 1914 1537 et

282 1560 452 1602 puniant,
470 1559 690 1591 innocentes
713 1566 805 1590 uero
823 1558 977 1590 faueant
995 1566 1037 1590 ac
1061 1558 1103 1589 ut
1124 1557 1203 1590 Deo
1228 1557 1392 1590 inuicem
1419 1557 1619 1590 seruiendo
1635 1558 1675 1591 in
1691 1559 1914 1601 paupertate

283 1616 321 1648 et
337 1615 509 1648 castitate
543 1613 755 1655 ceterisque
789 1613 994 1645 uirtutibus
1034 1611 1138 1645 licite
1174 1612 1393 1645 conuersari
1425 1621 1468 1645 ac
1501 1612 1648 1646 Christo
1672 1613 1915 1647 laudabiliter

284 1670 478 1704 deseruire
502 1669 668 1709 ualeant,
692 1668 891 1701 licenciam
915 1667 1121 1710 apostolica
1139 1668 1363 1701 auctoritate
1380 1668 1599 1709 concedant,
1618 1669 1915 1703 contradictores

284 1734 353 1768 per
376 1734 574 1758 censuram
588 1723 882 1757 ecclesiasticam
897 1723 1179 1765 compescendo.

330 1782 440 1821 Ecce,
466 1780 651 1822 quomodo
670 1779 879 1812 clarissime
907 1779 963 1811 est
991 1779 1193 1819 ostensum,
1213 1779 1312 1820 quod
1335 1779 1497 1821 predicti
1524 1779 1696 1813 homines
1718 1779 1916 1821 utriusque

285 1846 396 1871 sexus
419 1835 571 1869 insimul
604 1835 878 1867 commorantes
909 1834 946 1867 et
970 1834 1009 1866 in
1036 1834 1225 1866 communi
1253 1834 1361 1867 extra
1388 1834 1615 1877 religionem
1641 1835 1814 1869 viuentes
1841 1843 1917 1867 non

286 1893 372 1926 sunt
388 1893 434 1925 de
456 1891 720 1934 jurisdictione
743 1890 992 1931 inquisitoris,
1018 1890 1083 1923 sed
1107 1889 1228 1922 solum
1246 1891 1283 1922 et
1306 1890 1525 1923 immediate
1549 1890 1707 1932 subiectj
1740 1890 1915 1932 J‘urisdic-

287 1947 380 1980 tioni
412 1947 709 1989 dyocesanorum
732 1946 771 1977 in
798 1945 1004 1987 prouincijs
1028 1944 1254 1986 supradictis
1282 1953 1351 1986 per
1374 1944 1578 1987 specialem
1601 1945 1915 1978 constitucionem

288 2003 386 2036 dicte
403 2000 687 2044 extrauagantis
702 2000 762 2033 Eoe
784 2001 965 2041 iniuncto,
980 2000 1022 2032 ut
1045 1999 1170 2032 locum
1187 1999 1324 2034 habeat
1340 1999 1476 2043 regula
1494 2000 1592 2043 juris
1612 2010 1620 2033 :
1646 2000 1820 2034 Graciam
1847 2009 1916 2043 per

289 2057 490 2100 specialem
507 2057 713 2099 derogatur
728 2065 813 2089 cum
826 2055 903 2088 suis
917 2063 1066 2088 concor.
1082 2054 1121 2087 li.
1137 2055 1216 2097 vijo.

333 2113 394 2146 Sic
410 2113 468 2146 est
483 2112 569 2145 finis
582 2112 704 2145 istius.

638 2209 889 2252 Koninklijke
912 2209 1155 2243 Bibliotheek
1178 2211 1216 2243 te
1240 2209 1267 2242 's
1292 2209 1552 2253 Gravenhage,
1579 2210 1651 2245 HS.
1669 2211 1716 2244 X.
1744 2210 1806 2245 101
1833 2209 1917 2251 (Th.

683 2267 760 2307 355)
780 2276 787 2298 ε
813 2265 956 2308 Scripta
986 2264 1182 2298 doctorum
1206 2264 1251 2298 de
1278 2265 1639 2308 conyreyacz'onz'bus,
1664 2265 1922 2299 rohes-78.—

686 2319 741 2360 Op
760 2319 815 2350 dit
831 2318 918 2351 stuk
935 2327 982 2351 en
1007 2328 1053 2360 op
1079 2319 1125 2351 de
1141 2319 1222 2351 vier
1245 2318 1431 2361 volgende
1458 2319 1561 2352 werd
1588 2319 1629 2352 ik
1657 2319 1922 2361 opmerkzaam

680 2374 859 2417 gemaakt
872 2373 965 2406 door
982 2373 1027 2406 de
1043 2382 1128 2406 zeer
1141 2374 1329 2416 beknopte
1347 2373 1544 2417 ontleding
1559 2383 1673 2408 ervan
1686 2375 1734 2416 bij
1750 2374 1920 2416 Delprat‚

684 2427 962 2472 Verhandeliny
978 2438 1064 2461 over
1080 2427 1125 2461 de
1152 2427 1420 2473 broederschap
1443 2439 1518 2463 van
1537 2428 1583 2464 G.
1611 2428 1758 2470 Groote,
1774 2429 1829 2461 2¹10
1845 2429 1922 2463 uit-

686 2493 795 2527 gave,
819 2483 890 2516 blz.
909 2484 1027 2524 50-53,
1053 2484 1114 2517 die
1145 2493 1238 2517 naar
1264 2484 1330 2517 het
1357 2484 1558 2527 Haagsche
1584 2482 1821 2516 handschrift
1842 2491 1921 2515 ver—

684 2540 806 2574 zendt.
823 2558 866 2563 —
879 2540 934 2573 De
950 2539 1204 2582 godgeleerde
1221 2539 1415 2580 Schriften,
1440 2548 1628 2580 waarvan,
1644 2540 1683 2572 in
1700 2539 1756 2572 dit
1772 2537 1858 2571 stuk
1875 2546 1921 2571 en

685 2596 724 2628 in
752 2596 798 2628 de
821 2595 1020 2639 volgende,
1056 2595 1309 2638 aanhalingen
1347 2604 1393 2629 en
1432 2596 1732 2637 bewijSplaatsen
1768 2594 1921 2628 worden

683 2650 875 2693 gebruikt‚
905 2659 1032 2683 waren
1064 2660 1110 2692 op
1135 2650 1200 2683 het
1231 2651 1342 2684 einde
1370 2651 1438 2684 der
1465 2650 1542 2682 14(ἰθ
1572 2659 1678 2684 eeuw
1723 2649 1921 2693 algemeen

685 2706 847 2745 bekend,
875 2705 1000 2739 zooals
1024 2705 1135 2748 bliJkt
1150 2706 1206 2738 uit
1230 2705 1295 2738 het
1317 2706 1518 2739 testament
1532 2715 1604 2739 van
1630 2718 1644 2735 ιι
1664 2705 1850 2739 Henricus
1874 2704 1921 2737 de

686 2761 930 2801 Suderlande,
971 2761 1174 2794 canonicus
1214 2760 1434 2794 Leodiensis
1469 2762 1507 2794 et
1545 2760 1764 2794 scolasticus
1801 2759 1921 2793 sancti

685 2816 866 2850 Gereonis
885 2816 1118 2851 Coloniensis
1132 2816 1379 2850 ecclesiarum
1399 2829 1413 2846 ι»
1439 2816 1494 2859 (20
1507 2817 1717 2850 December
1733 2815 1841 2860 1390),
1859 2816 1921 2849 die

686 2871 722 2905 al
739 2872 834 2913 zijne
851 2871 1135 2905 handschriften
1152 2881 1222 2905 aan
1240 2872 1286 2905 de
1316 2871 1529 2905 hoofdkerk
1552 2880 1623 2903 van
1641 2871 1739 2904 Luik
1762 2871 1917 2904 schonk.

683 2926 900 2960 Daaronder
929 2927 1113 2961 vermeldt
1125 2927 1175 2969 hij
1197 2926 1442 2961 :«Andream
1462 2927 1508 2960 de
1536 2927 1677 2960 Barulo
1703 2936 1816 2969 super
1842 2927 1920 2960 tres

683 2982 800 3016 libros
816 2983 968 3025 codicis,
987 2983 1192 3024 decretum,
1219 2982 1441 3025 decretales,
1458 2983 1607 3017 sextum
1635 2982 1776 3017 librum
1792 2982 1919 3018 decre-
