<?xml version="1.0" encoding="UTF-8"?>
<!DOCTYPE html PUBLIC "-//W3C//DTD XHTML 1.0 Transitional//EN"
    "http://www.w3.org/TR/xhtml1/DTD/xhtml1-transitional.dtd">
<html xmlns="http://www.w3.org/1999/xhtml" xml:lang="en" lang="en">
 <head>
  <title>
</title>
<meta http-equiv="Content-Type" content="text/html;charset=utf-8" />
  <meta name='ocr-system' content='tesseract 3.04.00' />
  <meta name='ocr-capabilities' content='ocr_page ocr_carea ocr_par ocr_line ocrx_word'/>
</head>
<body>
  <div class='ocr_page' id='page_1' title='image "./corpusdocumentor02fruoft_0275.png"; bbox 0 0 2050 3470; ppageno 0'>
   <div class='ocr_carea' id='block_1_1' title="bbox 785 283 1725 319">
    <p class='ocr_par' dir='ltr' id='par_1_1' title="bbox 785 283 1725 319">
     <span class='ocr_line' id='line_1_1' title="bbox 785 283 1725 319; baseline -0.003 0"><span class='ocrx_word' id='word_1_1' title='bbox 785 283 924 319; x_wconf 88' lang='lat' dir='ltr'>ANNO</span> <span class='ocrx_word' id='word_1_2' title='bbox 952 283 1036 317; x_wconf 77' lang='grc'>1422</span> <span class='ocrx_word' id='word_1_3' title='bbox 1660 283 1725 316; x_wconf 78' lang='grc'>245</span> 
     </span>
    </p>
   </div>
   <div class='ocr_carea' id='block_1_2' title="bbox 70 394 1724 1774">
    <p class='ocr_par' dir='ltr' id='par_1_2' title="bbox 78 394 1722 605">
     <span class='ocr_line' id='line_1_2' title="bbox 80 394 1722 439; baseline -0.002 -8"><span class='ocrx_word' id='word_1_4' title='bbox 80 399 162 432; x_wconf 90' lang='lat' dir='ltr'>tum</span> <span class='ocrx_word' id='word_1_5' title='bbox 185 398 224 431; x_wconf 90' lang='lat' dir='ltr'>in</span> <span class='ocrx_word' id='word_1_6' title='bbox 241 398 402 431; x_wconf 80' lang='lat' dir='ltr'>formam</span> <span class='ocrx_word' id='word_1_7' title='bbox 415 396 606 439; x_wconf 82' lang='lat' dir='ltr'>publicam</span> <span class='ocrx_word' id='word_1_8' title='bbox 628 395 752 438; x_wconf 84' lang='lat' dir='ltr'>redigi</span> <span class='ocrx_word' id='word_1_9' title='bbox 769 396 909 435; x_wconf 83' lang='lat' dir='ltr'>facere,</span> <span class='ocrx_word' id='word_1_10' title='bbox 934 395 973 428; x_wconf 89' lang='lat' dir='ltr'>ct</span> <span class='ocrx_word' id='word_1_11' title='bbox 995 394 1095 427; x_wconf 85' lang='lat' dir='ltr'>dicto</span> <span class='ocrx_word' id='word_1_12' title='bbox 1113 394 1348 436; x_wconf 87' lang='lat' dir='ltr'>transumpto</span> <span class='ocrx_word' id='word_1_13' title='bbox 1374 394 1543 428; x_wconf 87' lang='lat' dir='ltr'>nostram</span> <span class='ocrx_word' id='word_1_14' title='bbox 1559 394 1722 428; x_wconf 84' lang='lat' dir='ltr'>auctori-</span> 
     </span>
     <span class='ocr_line' id='line_1_3' title="bbox 80 450 1722 495; baseline -0.002 -8"><span class='ocrx_word' id='word_1_15' title='bbox 80 454 198 488; x_wconf 88' lang='lat' dir='ltr'>tatem</span> <span class='ocrx_word' id='word_1_16' title='bbox 212 453 443 487; x_wconf 82' lang='lat' dir='ltr'>ordinariam</span> <span class='ocrx_word' id='word_1_17' title='bbox 464 453 609 495; x_wconf 89' lang='lat' dir='ltr'>pariter</span> <span class='ocrx_word' id='word_1_18' title='bbox 622 453 659 485; x_wconf 88' lang='lat' dir='ltr'>et</span> <span class='ocrx_word' id='word_1_19' title='bbox 675 452 868 485; x_wconf 82' lang='lat' dir='ltr'>decretum</span> <span class='ocrx_word' id='word_1_20' title='bbox 886 452 1142 493; x_wconf 80' lang='lat' dir='ltr'>interponere,</span> <span class='ocrx_word' id='word_1_21' title='bbox 1161 450 1214 482; x_wconf 91' lang='lat' dir='ltr'>sic</span> <span class='ocrx_word' id='word_1_22' title='bbox 1232 450 1330 491; x_wconf 86' lang='lat' dir='ltr'>quod</span> <span class='ocrx_word' id='word_1_23' title='bbox 1347 450 1470 483; x_wconf 88' lang='lat' dir='ltr'>eidem</span> <span class='ocrx_word' id='word_1_24' title='bbox 1487 450 1722 492; x_wconf 87' lang='lat' dir='ltr'>transumpto</span> 
     </span>
     <span class='ocr_line' id='line_1_4' title="bbox 79 505 1722 551; baseline -0.003 -8"><span class='ocrx_word' id='word_1_25' title='bbox 79 510 157 543; x_wconf 83' lang='lat' dir='ltr'>tam</span> <span class='ocrx_word' id='word_1_26' title='bbox 180 509 373 551; x_wconf 85' lang='lat' dir='ltr'>injudicio</span> <span class='ocrx_word' id='word_1_27' title='bbox 389 517 500 550; x_wconf 88' lang='lat' dir='ltr'>quam</span> <span class='ocrx_word' id='word_1_28' title='bbox 514 510 623 541; x_wconf 82' lang='lat' dir='ltr'>extra</span> <span class='ocrx_word' id='word_1_29' title='bbox 636 507 749 550; x_wconf 83' lang='lat' dir='ltr'>plena</span> <span class='ocrx_word' id='word_1_30' title='bbox 767 507 859 540; x_wconf 86' lang='lat' dir='ltr'>fides</span> <span class='ocrx_word' id='word_1_31' title='bbox 877 508 974 539; x_wconf 88' lang='lat' dir='ltr'>sicut</span> <span class='ocrx_word' id='word_1_32' title='bbox 991 507 1102 539; x_wconf 76' lang='lat' dir='ltr'>dictis</span> <span class='ocrx_word' id='word_1_33' title='bbox 1118 505 1258 539; x_wconf 86' lang='lat' dir='ltr'>litteris</span> <span class='ocrx_word' id='word_1_34' title='bbox 1275 507 1313 538; x_wconf 91' lang='lat' dir='ltr'>et</span> <span class='ocrx_word' id='word_1_35' title='bbox 1330 506 1580 539; x_wconf 88' lang='lat' dir='ltr'>instrumento</span> <span class='ocrx_word' id='word_1_36' title='bbox 1607 505 1722 548; x_wconf 89' lang='lat' dir='ltr'>origi-</span> 
     </span>
     <span class='ocr_line' id='line_1_5' title="bbox 78 561 1324 605; baseline -0.004 -7"><span class='ocrx_word' id='word_1_37' title='bbox 78 565 227 598; x_wconf 90' lang='lat' dir='ltr'>nalibus</span> <span class='ocrx_word' id='word_1_38' title='bbox 244 564 379 598; x_wconf 88' lang='lat' dir='ltr'>merito</span> <span class='ocrx_word' id='word_1_39' title='bbox 398 563 521 597; x_wconf 83' lang='lat' dir='ltr'>valcat</span> <span class='ocrx_word' id='word_1_40' title='bbox 537 563 721 603; x_wconf 80' lang='lat' dir='ltr'>adhiberi,</span> <span class='ocrx_word' id='word_1_41' title='bbox 740 563 985 605; x_wconf 84' lang='lat' dir='ltr'>dignaremur</span> <span class='ocrx_word' id='word_1_42' title='bbox 1002 564 1114 604; x_wconf 84' lang='lat' dir='ltr'>atque</span> <span class='ocrx_word' id='word_1_43' title='bbox 1131 561 1324 594; x_wconf 80' lang='lat' dir='ltr'>vellemus.</span> 
     </span>
    </p>

    <p class='ocr_par' dir='ltr' id='par_1_3' title="bbox 73 616 1724 1385">
     <span class='ocr_line' id='line_1_6' title="bbox 123 616 1724 662; baseline -0.002 -10"><span class='ocrx_word' id='word_1_44' title='bbox 123 621 200 654; x_wconf 92' lang='lat' dir='ltr'>Nos</span> <span class='ocrx_word' id='word_1_45' title='bbox 231 620 351 662; x_wconf 84' lang='lat' dir='ltr'>igitur</span> <span class='ocrx_word' id='word_1_46' title='bbox 382 619 556 652; x_wconf 80' lang='lat' dir='ltr'>officialis</span> <span class='ocrx_word' id='word_1_47' title='bbox 589 619 840 652; x_wconf 80' lang='lat' dir='ltr'>Tornacensis</span> <span class='ocrx_word' id='word_1_48' title='bbox 871 619 1114 657; x_wconf 46' lang='lat' dir='ltr'>memoratus</span> <span class='ocrx_word' id='word_1_49' title='bbox 1144 617 1308 658; x_wconf 79' lang='lat' dir='ltr'>receptis</span> <span class='ocrx_word' id='word_1_50' title='bbox 1341 625 1409 658; x_wconf 90' lang='lat' dir='ltr'>per</span> <span class='ocrx_word' id='word_1_51' title='bbox 1437 626 1504 649; x_wconf 87' lang='lat' dir='ltr'>nos</span> <span class='ocrx_word' id='word_1_52' title='bbox 1529 616 1668 649; x_wconf 86' lang='lat' dir='ltr'>litteris</span> <span class='ocrx_word' id='word_1_53' title='bbox 1685 618 1724 650; x_wconf 87' lang='lat' dir='ltr'>et</span> 
     </span>
     <span class='ocr_line' id='line_1_7' title="bbox 77 672 1724 717; baseline -0.002 -9"><span class='ocrx_word' id='word_1_54' title='bbox 77 675 329 708; x_wconf 89' lang='lat' dir='ltr'>instrumento</span> <span class='ocrx_word' id='word_1_55' title='bbox 343 674 539 717; x_wconf 72' lang='lat' dir='ltr'>predictis,</span> <span class='ocrx_word' id='word_1_56' title='bbox 555 675 722 717; x_wconf 84' lang='lat' dir='ltr'>ipsisque</span> <span class='ocrx_word' id='word_1_57' title='bbox 741 683 808 716; x_wconf 90' lang='lat' dir='ltr'>per</span> <span class='ocrx_word' id='word_1_58' title='bbox 826 683 893 706; x_wconf 91' lang='lat' dir='ltr'>nos</span> <span class='ocrx_word' id='word_1_59' title='bbox 911 674 1000 706; x_wconf 82' lang='lat' dir='ltr'>visis</span> <span class='ocrx_word' id='word_1_60' title='bbox 1019 675 1056 706; x_wconf 92' lang='lat' dir='ltr'>et</span> <span class='ocrx_word' id='word_1_61' title='bbox 1073 672 1282 716; x_wconf 79' lang='lat' dir='ltr'>diligenter</span> <span class='ocrx_word' id='word_1_62' title='bbox 1298 673 1491 713; x_wconf 89' lang='lat' dir='ltr'>inspectis,</span> <span class='ocrx_word' id='word_1_63' title='bbox 1507 682 1550 705; x_wconf 86' lang='lat' dir='ltr'>ac</span> <span class='ocrx_word' id='word_1_64' title='bbox 1566 673 1667 705; x_wconf 89' lang='lat' dir='ltr'>sanis</span> <span class='ocrx_word' id='word_1_65' title='bbox 1685 673 1724 705; x_wconf 86' lang='lat' dir='ltr'>et</span> 
     </span>
     <span class='ocr_line' id='line_1_8' title="bbox 78 727 1723 774; baseline -0.002 -10"><span class='ocrx_word' id='word_1_66' title='bbox 78 731 239 774; x_wconf 87' lang='lat' dir='ltr'>integris</span> <span class='ocrx_word' id='word_1_67' title='bbox 267 731 469 772; x_wconf 82' lang='lat' dir='ltr'>reppertiS‚</span> <span class='ocrx_word' id='word_1_68' title='bbox 499 730 738 763; x_wconf 84' lang='lat' dir='ltr'>attendentes</span> <span class='ocrx_word' id='word_1_69' title='bbox 768 729 907 762; x_wconf 70' lang='lat' dir='ltr'>dictam</span> <span class='ocrx_word' id='word_1_70' title='bbox 935 729 1054 771; x_wconf 89' lang='lat' dir='ltr'>ipsius</span> <span class='ocrx_word' id='word_1_71' title='bbox 1082 728 1256 771; x_wconf 80' lang='lat' dir='ltr'>magistri</span> <span class='ocrx_word' id='word_1_72' title='bbox 1279 727 1480 760; x_wconf 85' lang='lat' dir='ltr'>Absalonis</span> <span class='ocrx_word' id='word_1_73' title='bbox 1508 728 1723 769; x_wconf 73' lang='lat' dir='ltr'>requestam</span> 
     </span>
     <span class='ocr_line' id='line_1_9' title="bbox 75 782 1721 828; baseline -0.002 -9"><span class='ocrx_word' id='word_1_74' title='bbox 75 787 153 828; x_wconf 87' lang='lat' dir='ltr'>juri</span> <span class='ocrx_word' id='word_1_75' title='bbox 168 788 204 819; x_wconf 88' lang='lat' dir='ltr'>et</span> <span class='ocrx_word' id='word_1_76' title='bbox 220 786 366 819; x_wconf 84' lang='lat' dir='ltr'>racioni</span> <span class='ocrx_word' id='word_1_77' title='bbox 390 795 592 818; x_wconf 80' lang='lat' dir='ltr'>consonam</span> <span class='ocrx_word' id='word_1_78' title='bbox 613 787 708 824; x_wconf 78' lang='lat' dir='ltr'>fore,</span> <span class='ocrx_word' id='word_1_79' title='bbox 728 785 889 817; x_wconf 81' lang='lat' dir='ltr'>eonstito</span> <span class='ocrx_word' id='word_1_80' title='bbox 908 786 1032 817; x_wconf 84' lang='lat' dir='ltr'>tamen</span> <span class='ocrx_word' id='word_1_81' title='bbox 1051 784 1159 816; x_wconf 87' lang='lat' dir='ltr'>nobis</span> <span class='ocrx_word' id='word_1_82' title='bbox 1176 793 1223 816; x_wconf 85' lang='lat' dir='ltr'>ex</span> <span class='ocrx_word' id='word_1_83' title='bbox 1243 783 1410 825; x_wconf 87' lang='lat' dir='ltr'>plurium</span> <span class='ocrx_word' id='word_1_84' title='bbox 1428 782 1501 816; x_wconf 88' lang='lat' dir='ltr'>fide</span> <span class='ocrx_word' id='word_1_85' title='bbox 1518 783 1721 825; x_wconf 89' lang='lat' dir='ltr'>dignorum</span> 
     </span>
     <span class='ocr_line' id='line_1_10' title="bbox 78 838 1722 882; baseline -0.002 -7"><span class='ocrx_word' id='word_1_86' title='bbox 78 842 294 876; x_wconf 86' lang='lat' dir='ltr'>testimonio</span> <span class='ocrx_word' id='word_1_87' title='bbox 321 842 536 882; x_wconf 81' lang='lat' dir='ltr'>sufficienti,</span> <span class='ocrx_word' id='word_1_88' title='bbox 557 841 676 874; x_wconf 84' lang='lat' dir='ltr'>dictas</span> <span class='ocrx_word' id='word_1_89' title='bbox 693 840 840 873; x_wconf 81' lang='lat' dir='ltr'>litteras</span> <span class='ocrx_word' id='word_1_90' title='bbox 859 841 897 873; x_wconf 90' lang='lat' dir='ltr'>et</span> <span class='ocrx_word' id='word_1_91' title='bbox 923 840 1216 873; x_wconf 81' lang='lat' dir='ltr'>instrumentum</span> <span class='ocrx_word' id='word_1_92' title='bbox 1240 839 1357 872; x_wconf 81' lang='lat' dir='ltr'>fuisse</span> <span class='ocrx_word' id='word_1_93' title='bbox 1374 840 1412 872; x_wconf 84' lang='lat' dir='ltr'>et</span> <span class='ocrx_word' id='word_1_94' title='bbox 1436 848 1517 871; x_wconf 90' lang='grc'>0550</span> <span class='ocrx_word' id='word_1_95' title='bbox 1534 838 1722 881; x_wconf 81' lang='lat' dir='ltr'>sigillatas</span> 
     </span>
     <span class='ocr_line' id='line_1_11' title="bbox 77 893 1719 940; baseline -0.002 -10"><span class='ocrx_word' id='word_1_96' title='bbox 77 896 216 940; x_wconf 87' lang='lat' dir='ltr'>sigillis</span> <span class='ocrx_word' id='word_1_97' title='bbox 229 907 272 930; x_wconf 87' lang='lat' dir='ltr'>ac</span> <span class='ocrx_word' id='word_1_98' title='bbox 290 897 459 940; x_wconf 84' lang='lat' dir='ltr'>signatas</span> <span class='ocrx_word' id='word_1_99' title='bbox 477 897 514 930; x_wconf 87' lang='lat' dir='ltr'>et</span> <span class='ocrx_word' id='word_1_100' title='bbox 531 897 764 938; x_wconf 88' lang='lat' dir='ltr'>subscriptas</span> <span class='ocrx_word' id='word_1_101' title='bbox 787 896 920 938; x_wconf 83' lang='lat' dir='ltr'>signis,</span> <span class='ocrx_word' id='word_1_102' title='bbox 948 895 1285 937; x_wconf 87' lang='lat' dir='ltr'>subscriptionibus</span> <span class='ocrx_word' id='word_1_103' title='bbox 1301 895 1339 928; x_wconf 89' lang='lat' dir='ltr'>et</span> <span class='ocrx_word' id='word_1_104' title='bbox 1355 895 1528 927; x_wconf 88' lang='lat' dir='ltr'>manibus</span> <span class='ocrx_word' id='word_1_105' title='bbox 1552 893 1719 934; x_wconf 92' lang='lat' dir='ltr'>illorum,</span> 
     </span>
     <span class='ocr_line' id='line_1_12' title="bbox 77 949 1720 995; baseline -0.002 -9"><span class='ocrx_word' id='word_1_106' title='bbox 77 962 237 995; x_wconf 90' lang='lat' dir='ltr'>quorum</span> <span class='ocrx_word' id='word_1_107' title='bbox 254 953 293 985; x_wconf 92' lang='lat' dir='ltr'>in</span> <span class='ocrx_word' id='word_1_108' title='bbox 310 952 453 985; x_wconf 86' lang='lat' dir='ltr'>eisdem</span> <span class='ocrx_word' id='word_1_109' title='bbox 477 961 560 985; x_wconf 84' lang='lat' dir='ltr'>esse</span> <span class='ocrx_word' id='word_1_110' title='bbox 578 952 780 993; x_wconf 81' lang='lat' dir='ltr'>dicuntur3</span> <span class='ocrx_word' id='word_1_111' title='bbox 807 954 845 984; x_wconf 87' lang='lat' dir='ltr'>et</span> <span class='ocrx_word' id='word_1_112' title='bbox 861 960 929 993; x_wconf 89' lang='lat' dir='ltr'>per</span> <span class='ocrx_word' id='word_1_113' title='bbox 952 951 1094 984; x_wconf 88' lang='lat' dir='ltr'>dictum</span> <span class='ocrx_word' id='word_1_114' title='bbox 1111 951 1337 993; x_wconf 87' lang='lat' dir='ltr'>magistrum</span> <span class='ocrx_word' id='word_1_115' title='bbox 1364 949 1593 984; x_wconf 85' lang='lat' dir='ltr'>Absalonem</span> <span class='ocrx_word' id='word_1_116' title='bbox 1621 950 1720 983; x_wconf 84' lang='lat' dir='ltr'>affir-</span> 
     </span>
     <span class='ocr_line' id='line_1_13' title="bbox 75 1006 1720 1049; baseline -0.002 -7"><span class='ocrx_word' id='word_1_117' title='bbox 75 1009 177 1042; x_wconf 78' lang='lat' dir='ltr'>mato</span> <span class='ocrx_word' id='word_1_118' title='bbox 194 1009 233 1041; x_wconf 91' lang='lat' dir='ltr'>in</span> <span class='ocrx_word' id='word_1_119' title='bbox 250 1008 423 1041; x_wconf 85' lang='lat' dir='ltr'>manibus</span> <span class='ocrx_word' id='word_1_120' title='bbox 441 1008 594 1048; x_wconf 70' lang='grc'>11051115,</span> <span class='ocrx_word' id='word_1_121' title='bbox 613 1017 679 1040; x_wconf 90' lang='lat' dir='ltr'>suo</span> <span class='ocrx_word' id='word_1_122' title='bbox 697 1007 821 1040; x_wconf 91' lang='lat' dir='ltr'>medio</span> <span class='ocrx_word' id='word_1_123' title='bbox 837 1007 1067 1049; x_wconf 83' lang='lat' dir='ltr'>juramento,</span> <span class='ocrx_word' id='word_1_124' title='bbox 1084 1006 1183 1047; x_wconf 83' lang='lat' dir='ltr'>quod</span> <span class='ocrx_word' id='word_1_125' title='bbox 1201 1006 1417 1039; x_wconf 88' lang='lat' dir='ltr'>huiusmodi</span> <span class='ocrx_word' id='word_1_126' title='bbox 1442 1006 1720 1047; x_wconf 80' lang='lat' dir='ltr'>transumptum</span> 
     </span>
     <span class='ocr_line' id='line_1_14' title="bbox 76 1061 1719 1104; baseline -0.003 -6"><span class='ocrx_word' id='word_1_127' title='bbox 76 1073 151 1098; x_wconf 87' lang='lat' dir='ltr'>non</span> <span class='ocrx_word' id='word_1_128' title='bbox 178 1063 264 1097; x_wconf 88' lang='lat' dir='ltr'>dolo</span> <span class='ocrx_word' id='word_1_129' title='bbox 282 1063 342 1097; x_wconf 90' lang='lat' dir='ltr'>vel</span> <span class='ocrx_word' id='word_1_130' title='bbox 370 1064 518 1103; x_wconf 84' lang='lat' dir='ltr'>fraude,</span> <span class='ocrx_word' id='word_1_131' title='bbox 536 1063 602 1096; x_wconf 83' lang='lat' dir='ltr'>sed</span> <span class='ocrx_word' id='word_1_132' title='bbox 631 1072 678 1096; x_wconf 82' lang='lat' dir='ltr'>ex</span> <span class='ocrx_word' id='word_1_133' title='bbox 706 1063 829 1096; x_wconf 81' lang='lat' dir='ltr'>causis</span> <span class='ocrx_word' id='word_1_134' title='bbox 846 1062 1042 1095; x_wconf 81' lang='lat' dir='ltr'>dumtaxat</span> <span class='ocrx_word' id='word_1_135' title='bbox 1072 1062 1266 1104; x_wconf 82' lang='lat' dir='ltr'>premissis</span> <span class='ocrx_word' id='word_1_136' title='bbox 1294 1061 1378 1094; x_wconf 91' lang='lat' dir='ltr'>fieri</span> <span class='ocrx_word' id='word_1_137' title='bbox 1402 1062 1554 1103; x_wconf 88' lang='lat' dir='ltr'>petebat</span> <span class='ocrx_word' id='word_1_138' title='bbox 1570 1071 1579 1103; x_wconf 90' lang='lat'>;</span> <span class='ocrx_word' id='word_1_139' title='bbox 1608 1061 1719 1094; x_wconf 83' lang='lat' dir='ltr'>dictis</span> 
     </span>
     <span class='ocr_line' id='line_1_15' title="bbox 75 1116 1718 1161; baseline -0.002 -8"><span class='ocrx_word' id='word_1_140' title='bbox 75 1119 191 1154; x_wconf 86' lang='lat' dir='ltr'>etiam</span> <span class='ocrx_word' id='word_1_141' title='bbox 215 1119 396 1152; x_wconf 87' lang='lat' dir='ltr'>itinerum</span> <span class='ocrx_word' id='word_1_142' title='bbox 422 1118 616 1161; x_wconf 83' lang='lat' dir='ltr'>periculis,</span> <span class='ocrx_word' id='word_1_143' title='bbox 646 1127 719 1160; x_wconf 88' lang='lat' dir='ltr'>que</span> <span class='ocrx_word' id='word_1_144' title='bbox 748 1118 896 1150; x_wconf 86' lang='lat' dir='ltr'>notoria</span> <span class='ocrx_word' id='word_1_145' title='bbox 921 1119 1020 1159; x_wconf 85' lang='lat' dir='ltr'>sunt,</span> <span class='ocrx_word' id='word_1_146' title='bbox 1038 1127 1107 1159; x_wconf 88' lang='lat' dir='ltr'>per</span> <span class='ocrx_word' id='word_1_147' title='bbox 1131 1126 1198 1149; x_wconf 92' lang='lat' dir='ltr'>nos</span> <span class='ocrx_word' id='word_1_148' title='bbox 1222 1116 1429 1159; x_wconf 84' lang='lat' dir='ltr'>diligenter</span> <span class='ocrx_word' id='word_1_149' title='bbox 1456 1116 1718 1156; x_wconf 84' lang='lat' dir='ltr'>consideratis,</span> 
     </span>
     <span class='ocr_line' id='line_1_16' title="bbox 75 1171 1720 1215; baseline -0.002 -7"><span class='ocrx_word' id='word_1_150' title='bbox 75 1185 161 1208; x_wconf 89' lang='lat' dir='ltr'>cum</span> <span class='ocrx_word' id='word_1_151' title='bbox 177 1175 316 1208; x_wconf 87' lang='lat' dir='ltr'>ceteris</span> <span class='ocrx_word' id='word_1_152' title='bbox 332 1174 500 1207; x_wconf 89' lang='lat' dir='ltr'>animum</span> <span class='ocrx_word' id='word_1_153' title='bbox 527 1175 698 1207; x_wconf 86' lang='lat' dir='ltr'>nostrum</span> <span class='ocrx_word' id='word_1_154' title='bbox 723 1175 769 1207; x_wconf 81' lang='lat' dir='ltr'>ad</span> <span class='ocrx_word' id='word_1_155' title='bbox 795 1173 865 1205; x_wconf 84' lang='lat' dir='ltr'>hoc</span> <span class='ocrx_word' id='word_1_156' title='bbox 884 1173 929 1206; x_wconf 88' lang='lat' dir='ltr'>dc</span> <span class='ocrx_word' id='word_1_157' title='bbox 953 1174 1039 1215; x_wconf 81' lang='lat' dir='ltr'>jure</span> <span class='ocrx_word' id='word_1_158' title='bbox 1063 1173 1314 1213; x_wconf 89' lang='lat' dir='ltr'>mouentibus,</span> <span class='ocrx_word' id='word_1_159' title='bbox 1332 1173 1500 1214; x_wconf 85' lang='lat' dir='ltr'>prefatas</span> <span class='ocrx_word' id='word_1_160' title='bbox 1518 1171 1665 1205; x_wconf 84' lang='lat' dir='ltr'>litteras</span> <span class='ocrx_word' id='word_1_161' title='bbox 1682 1172 1720 1205; x_wconf 91' lang='lat' dir='ltr'>et</span> 
     </span>
     <span class='ocr_line' id='line_1_17' title="bbox 74 1227 1719 1273; baseline -0.003 -9"><span class='ocrx_word' id='word_1_162' title='bbox 74 1231 368 1264; x_wconf 85' lang='lat' dir='ltr'>instrumentum</span> <span class='ocrx_word' id='word_1_163' title='bbox 405 1230 613 1273; x_wconf 83' lang='lat' dir='ltr'>originales</span> <span class='ocrx_word' id='word_1_164' title='bbox 650 1238 718 1272; x_wconf 89' lang='lat' dir='ltr'>per</span> <span class='ocrx_word' id='word_1_165' title='bbox 757 1229 926 1262; x_wconf 87' lang='lat' dir='ltr'>notarios</span> <span class='ocrx_word' id='word_1_166' title='bbox 965 1228 1138 1271; x_wconf 87' lang='lat' dir='ltr'>publicos</span> <span class='ocrx_word' id='word_1_167' title='bbox 1175 1228 1438 1270; x_wconf 79' lang='lat' dir='ltr'>infrascriptos</span> <span class='ocrx_word' id='word_1_168' title='bbox 1475 1228 1515 1260; x_wconf 94' lang='lat' dir='ltr'>in</span> <span class='ocrx_word' id='word_1_169' title='bbox 1550 1227 1719 1270; x_wconf 84' lang='lat' dir='ltr'>presenti</span> 
     </span>
     <span class='ocr_line' id='line_1_18' title="bbox 73 1282 1718 1325; baseline -0.002 -6"><span class='ocrx_word' id='word_1_170' title='bbox 73 1286 265 1320; x_wconf 90' lang='lat' dir='ltr'>volumine</span> <span class='ocrx_word' id='word_1_171' title='bbox 293 1286 339 1319; x_wconf 91' lang='lat' dir='ltr'>de</span> <span class='ocrx_word' id='word_1_172' title='bbox 367 1286 482 1319; x_wconf 89' lang='lat' dir='ltr'>verbo</span> <span class='ocrx_word' id='word_1_173' title='bbox 515 1286 561 1319; x_wconf 86' lang='lat' dir='ltr'>ad</span> <span class='ocrx_word' id='word_1_174' title='bbox 589 1286 746 1318; x_wconf 90' lang='lat' dir='ltr'>verbum</span> <span class='ocrx_word' id='word_1_175' title='bbox 778 1283 944 1318; x_wconf 88' lang='lat' dir='ltr'>fideliter</span> <span class='ocrx_word' id='word_1_176' title='bbox 973 1284 1158 1317; x_wconf 86' lang='lat' dir='ltr'>transumi</span> <span class='ocrx_word' id='word_1_177' title='bbox 1186 1293 1230 1317; x_wconf 89' lang='lat' dir='ltr'>ac</span> <span class='ocrx_word' id='word_1_178' title='bbox 1258 1283 1466 1325; x_wconf 83' lang='lat' dir='ltr'>exemplari</span> <span class='ocrx_word' id='word_1_179' title='bbox 1495 1284 1533 1317; x_wconf 90' lang='lat' dir='ltr'>et</span> <span class='ocrx_word' id='word_1_180' title='bbox 1552 1283 1592 1316; x_wconf 91' lang='lat' dir='ltr'>in</span> <span class='ocrx_word' id='word_1_181' title='bbox 1620 1282 1718 1316; x_wconf 87' lang='lat' dir='ltr'>hanc</span> 
     </span>
     <span class='ocr_line' id='line_1_19' title="bbox 73 1339 1437 1385; baseline -0.003 -10"><span class='ocrx_word' id='word_1_182' title='bbox 73 1341 264 1385; x_wconf 84' lang='lat' dir='ltr'>publicam</span> <span class='ocrx_word' id='word_1_183' title='bbox 276 1343 439 1375; x_wconf 86' lang='lat' dir='ltr'>formam</span> <span class='ocrx_word' id='word_1_184' title='bbox 457 1341 583 1384; x_wconf 87' lang='lat' dir='ltr'>redigi</span> <span class='ocrx_word' id='word_1_185' title='bbox 598 1341 758 1374; x_wconf 78' lang='lat' dir='ltr'>fecimus</span> <span class='ocrx_word' id='word_1_186' title='bbox 775 1341 813 1373; x_wconf 92' lang='lat' dir='ltr'>ct</span> <span class='ocrx_word' id='word_1_187' title='bbox 826 1340 1088 1373; x_wconf 87' lang='lat' dir='ltr'>mandauimus</span> <span class='ocrx_word' id='word_1_188' title='bbox 1105 1340 1144 1372; x_wconf 90' lang='lat' dir='ltr'>in</span> <span class='ocrx_word' id='word_1_189' title='bbox 1157 1339 1257 1372; x_wconf 89' lang='lat' dir='ltr'>hunc</span> <span class='ocrx_word' id='word_1_190' title='bbox 1271 1339 1437 1372; x_wconf 88' lang='lat' dir='ltr'>modum.</span> 
     </span>
    </p>

    <p class='ocr_par' dir='ltr' id='par_1_4' title="bbox 116 1395 1343 1440">
     <span class='ocr_line' id='line_1_20' title="bbox 116 1395 1343 1440; baseline -0.002 -9"><span class='ocrx_word' id='word_1_191' title='bbox 116 1397 166 1431; x_wconf 80' lang='lat' dir='ltr'>Et</span> <span class='ocrx_word' id='word_1_192' title='bbox 177 1398 299 1440; x_wconf 90' lang='lat' dir='ltr'>primo</span> <span class='ocrx_word' id='word_1_193' title='bbox 317 1397 460 1430; x_wconf 88' lang='lat' dir='ltr'>dictum</span> <span class='ocrx_word' id='word_1_194' title='bbox 478 1397 785 1438; x_wconf 87' lang='lat' dir='ltr'>instrumentum,</span> <span class='ocrx_word' id='word_1_195' title='bbox 803 1396 910 1429; x_wconf 89' lang='lat' dir='ltr'>cuius</span> <span class='ocrx_word' id='word_1_196' title='bbox 926 1396 1037 1429; x_wconf 89' lang='lat' dir='ltr'>tenor</span> <span class='ocrx_word' id='word_1_197' title='bbox 1053 1395 1140 1428; x_wconf 88' lang='lat' dir='ltr'>talis</span> <span class='ocrx_word' id='word_1_198' title='bbox 1153 1396 1210 1428; x_wconf 90' lang='lat' dir='ltr'>est</span> <span class='ocrx_word' id='word_1_199' title='bbox 1297 1396 1343 1438; x_wconf 94' lang='grc'>(1)</span> 
     </span>
    </p>

    <p class='ocr_par' dir='ltr' id='par_1_5' title="bbox 75 1449 1716 1550">
     <span class='ocr_line' id='line_1_21' title="bbox 116 1449 1716 1495; baseline -0.002 -9"><span class='ocrx_word' id='word_1_200' title='bbox 116 1453 214 1487; x_wconf 91' lang='lat' dir='ltr'>Item</span> <span class='ocrx_word' id='word_1_201' title='bbox 241 1453 360 1486; x_wconf 88' lang='lat' dir='ltr'>dictas</span> <span class='ocrx_word' id='word_1_202' title='bbox 384 1453 503 1495; x_wconf 90' lang='lat' dir='ltr'>ipsius</span> <span class='ocrx_word' id='word_1_203' title='bbox 519 1452 831 1486; x_wconf 87' lang='lat' dir='ltr'>reuerendissimi</span> <span class='ocrx_word' id='word_1_204' title='bbox 847 1451 966 1494; x_wconf 85' lang='lat' dir='ltr'>patris</span> <span class='ocrx_word' id='word_1_205' title='bbox 983 1451 1126 1484; x_wconf 90' lang='lat' dir='ltr'>domini</span> <span class='ocrx_word' id='word_1_206' title='bbox 1142 1450 1447 1494; x_wconf 85' lang='lat' dir='ltr'>Aequilegiensis</span> <span class='ocrx_word' id='word_1_207' title='bbox 1464 1449 1625 1490; x_wconf 73' lang='lat' dir='ltr'>litteras,</span> <span class='ocrx_word' id='word_1_208' title='bbox 1643 1457 1716 1492; x_wconf 86' lang='lat' dir='ltr'>que</span> 
     </span>
     <span class='ocr_line' id='line_1_22' title="bbox 75 1507 614 1550; baseline -0.004 -8"><span class='ocrx_word' id='word_1_209' title='bbox 75 1509 271 1543; x_wconf 87' lang='lat' dir='ltr'>continent</span> <span class='ocrx_word' id='word_1_210' title='bbox 284 1508 354 1542; x_wconf 83' lang='lat' dir='ltr'>hec</span> <span class='ocrx_word' id='word_1_211' title='bbox 366 1509 482 1542; x_wconf 87' lang='lat' dir='ltr'>verba</span> <span class='ocrx_word' id='word_1_212' title='bbox 568 1507 614 1550; x_wconf 91' lang='grc'>(2)</span> 
     </span>
    </p>

    <p class='ocr_par' dir='ltr' id='par_1_6' title="bbox 117 1561 1452 1607">
     <span class='ocr_line' id='line_1_23' title="bbox 117 1561 1452 1607; baseline -0.002 -9"><span class='ocrx_word' id='word_1_213' title='bbox 117 1564 214 1598; x_wconf 88' lang='lat' dir='ltr'>Item</span> <span class='ocrx_word' id='word_1_214' title='bbox 227 1565 266 1598; x_wconf 88' lang='lat' dir='ltr'>et</span> <span class='ocrx_word' id='word_1_215' title='bbox 281 1565 449 1607; x_wconf 80' lang='lat' dir='ltr'>prefatas</span> <span class='ocrx_word' id='word_1_216' title='bbox 466 1563 614 1597; x_wconf 90' lang='lat' dir='ltr'>litteras</span> <span class='ocrx_word' id='word_1_217' title='bbox 632 1563 871 1606; x_wconf 88' lang='lat' dir='ltr'>apostolicas,</span> <span class='ocrx_word' id='word_1_218' title='bbox 892 1572 966 1605; x_wconf 88' lang='lat' dir='ltr'>que</span> <span class='ocrx_word' id='word_1_219' title='bbox 990 1563 1077 1596; x_wconf 89' lang='lat' dir='ltr'>sunt</span> <span class='ocrx_word' id='word_1_220' title='bbox 1091 1563 1204 1596; x_wconf 87' lang='lat' dir='ltr'>huius</span> <span class='ocrx_word' id='word_1_221' title='bbox 1219 1563 1363 1596; x_wconf 90' lang='lat' dir='ltr'>tenoris</span> <span class='ocrx_word' id='word_1_222' title='bbox 1383 1573 1389 1596; x_wconf 91' lang='lat'>:</span> <span class='ocrx_word' id='word_1_223' title='bbox 1406 1561 1452 1605; x_wconf 90' lang='lat'>(3)</span> 
     </span>
    </p>

    <p class='ocr_par' dir='ltr' id='par_1_7' title="bbox 70 1617 1715 1774">
     <span class='ocr_line' id='line_1_24' title="bbox 117 1617 1715 1662; baseline -0.002 -9"><span class='ocrx_word' id='word_1_224' title='bbox 117 1620 166 1654; x_wconf 90' lang='lat' dir='ltr'>Et</span> <span class='ocrx_word' id='word_1_225' title='bbox 193 1621 282 1662; x_wconf 87' lang='lat' dir='ltr'>quia</span> <span class='ocrx_word' id='word_1_226' title='bbox 312 1620 422 1653; x_wconf 83' lang='lat' dir='ltr'>dictis</span> <span class='ocrx_word' id='word_1_227' title='bbox 450 1620 589 1653; x_wconf 87' lang='lat' dir='ltr'>litteris</span> <span class='ocrx_word' id='word_1_228' title='bbox 618 1621 655 1653; x_wconf 88' lang='lat' dir='ltr'>et</span> <span class='ocrx_word' id='word_1_229' title='bbox 682 1620 948 1660; x_wconf 87' lang='lat' dir='ltr'>instrumente,</span> <span class='ocrx_word' id='word_1_230' title='bbox 978 1619 1032 1652; x_wconf 87' lang='lat' dir='ltr'>sic</span> <span class='ocrx_word' id='word_1_231' title='bbox 1060 1620 1099 1652; x_wconf 84' lang='lat' dir='ltr'>vt</span> <span class='ocrx_word' id='word_1_232' title='bbox 1129 1619 1363 1661; x_wconf 87' lang='lat' dir='ltr'>premittitur</span> <span class='ocrx_word' id='word_1_233' title='bbox 1388 1617 1654 1660; x_wconf 87' lang='lat' dir='ltr'>transsumptis</span> <span class='ocrx_word' id='word_1_234' title='bbox 1677 1617 1715 1651; x_wconf 89' lang='lat' dir='ltr'>et</span> 
     </span>
     <span class='ocr_line' id='line_1_25' title="bbox 72 1673 1714 1718; baseline -0.002 -9"><span class='ocrx_word' id='word_1_235' title='bbox 72 1675 309 1718; x_wconf 84' lang='lat' dir='ltr'>exemplatis,</span> <span class='ocrx_word' id='word_1_236' title='bbox 341 1677 517 1717; x_wconf 81' lang='lat' dir='ltr'>factaque</span> <span class='ocrx_word' id='word_1_237' title='bbox 549 1676 596 1708; x_wconf 89' lang='lat' dir='ltr'>de</span> <span class='ocrx_word' id='word_1_238' title='bbox 627 1675 844 1708; x_wconf 87' lang='lat' dir='ltr'>huiusmodi</span> <span class='ocrx_word' id='word_1_239' title='bbox 871 1675 1128 1716; x_wconf 85' lang='lat' dir='ltr'>transsumpto</span> <span class='ocrx_word' id='word_1_240' title='bbox 1157 1674 1238 1708; x_wconf 89' lang='lat' dir='ltr'>siue</span> <span class='ocrx_word' id='word_1_241' title='bbox 1270 1673 1443 1716; x_wconf 81' lang='lat' dir='ltr'>exemplo</span> <span class='ocrx_word' id='word_1_242' title='bbox 1476 1673 1522 1706; x_wconf 88' lang='lat' dir='ltr'>ad</span> <span class='ocrx_word' id='word_1_243' title='bbox 1546 1674 1714 1716; x_wconf 79' lang='lat' dir='ltr'>prefatas</span> 
     </span>
     <span class='ocr_line' id='line_1_26' title="bbox 70 1729 1713 1774; baseline -0.002 -10"><span class='ocrx_word' id='word_1_244' title='bbox 70 1731 219 1765; x_wconf 85' lang='lat' dir='ltr'>litteras</span> <span class='ocrx_word' id='word_1_245' title='bbox 236 1732 274 1765; x_wconf 89' lang='lat' dir='ltr'>et</span> <span class='ocrx_word' id='word_1_246' title='bbox 286 1732 581 1765; x_wconf 88' lang='lat' dir='ltr'>instrumentum</span> <span class='ocrx_word' id='word_1_247' title='bbox 597 1730 804 1774; x_wconf 87' lang='lat' dir='ltr'>originales</span> <span class='ocrx_word' id='word_1_248' title='bbox 821 1730 994 1773; x_wconf 88' lang='lat' dir='ltr'>superius</span> <span class='ocrx_word' id='word_1_249' title='bbox 1010 1731 1172 1764; x_wconf 87' lang='lat' dir='ltr'>insertas</span> <span class='ocrx_word' id='word_1_250' title='bbox 1188 1739 1257 1773; x_wconf 90' lang='lat' dir='ltr'>per</span> <span class='ocrx_word' id='word_1_251' title='bbox 1274 1739 1341 1763; x_wconf 86' lang='lat' dir='ltr'>nos</span> <span class='ocrx_word' id='word_1_252' title='bbox 1355 1731 1393 1763; x_wconf 89' lang='lat' dir='ltr'>et</span> <span class='ocrx_word' id='word_1_253' title='bbox 1408 1729 1528 1762; x_wconf 89' lang='lat' dir='ltr'>dictos</span> <span class='ocrx_word' id='word_1_254' title='bbox 1545 1729 1713 1762; x_wconf 88' lang='lat' dir='ltr'>notarios</span> 
     </span>
    </p>
   </div>
   <div class='ocr_carea' id='block_1_3' title="bbox 62 1900 1710 3063">
    <p class='ocr_par' dir='ltr' id='par_1_8' title="bbox 68 1900 1710 2224">
     <span class='ocr_line' id='line_1_27' title="bbox 109 1900 1710 1946; baseline -0.001 -11"><span class='ocrx_word' id='word_1_255' title='bbox 109 1902 155 1946; x_wconf 92' lang='lat'>(1)</span> <span class='ocrx_word' id='word_1_256' title='bbox 182 1903 276 1936; x_wconf 89' lang='lat' dir='ltr'>Hier</span> <span class='ocrx_word' id='word_1_257' title='bbox 293 1902 399 1945; x_wconf 88' lang='lat' dir='ltr'>volgt</span> <span class='ocrx_word' id='word_1_258' title='bbox 415 1902 481 1936; x_wconf 87' lang='lat' dir='ltr'>het</span> <span class='ocrx_word' id='word_1_259' title='bbox 508 1902 813 1944; x_wconf 86' lang='lat' dir='ltr'>proces-verbaal</span> <span class='ocrx_word' id='word_1_260' title='bbox 838 1911 909 1936; x_wconf 88' lang='lat' dir='ltr'>van</span> <span class='ocrx_word' id='word_1_261' title='bbox 928 1902 994 1936; x_wconf 86' lang='lat' dir='ltr'>het</span> <span class='ocrx_word' id='word_1_262' title='bbox 1020 1902 1164 1945; x_wconf 87' lang='lat' dir='ltr'>geding</span> <span class='ocrx_word' id='word_1_263' title='bbox 1180 1911 1228 1944; x_wconf 91' lang='lat' dir='ltr'>op</span> <span class='ocrx_word' id='word_1_264' title='bbox 1260 1901 1327 1935; x_wconf 91' lang='lat' dir='ltr'>het</span> <span class='ocrx_word' id='word_1_265' title='bbox 1344 1901 1511 1935; x_wconf 87' lang='lat' dir='ltr'>Concilie</span> <span class='ocrx_word' id='word_1_266' title='bbox 1527 1910 1598 1934; x_wconf 88' lang='lat' dir='ltr'>van</span> <span class='ocrx_word' id='word_1_267' title='bbox 1616 1900 1710 1933; x_wconf 88' lang='lat' dir='ltr'>Con-</span> 
     </span>
     <span class='ocr_line' id='line_1_28' title="bbox 68 1957 1706 2002; baseline -0.002 -10"><span class='ocrx_word' id='word_1_268' title='bbox 68 1959 171 1992; x_wconf 86' lang='lat' dir='ltr'>stanz</span> <span class='ocrx_word' id='word_1_269' title='bbox 188 1959 303 2002; x_wconf 88' lang='lat' dir='ltr'>tegen</span> <span class='ocrx_word' id='word_1_270' title='bbox 322 1958 519 1992; x_wconf 70' lang='grc' dir='ltr'>8011111101ἱ</span> <span class='ocrx_word' id='word_1_271' title='bbox 531 1958 793 2001; x_wconf 86' lang='lat' dir='ltr'>ingespannen</span> <span class='ocrx_word' id='word_1_272' title='bbox 808 1957 865 2001; x_wconf 92' lang='grc'>(12</span> <span class='ocrx_word' id='word_1_273' title='bbox 876 1957 984 2000; x_wconf 89' lang='lat' dir='ltr'>April</span> <span class='ocrx_word' id='word_1_274' title='bbox 999 1957 1108 2000; x_wconf 82' lang='grc'>1418).</span> <span class='ocrx_word' id='word_1_275' title='bbox 1125 1958 1268 1991; x_wconf 86' lang='lat' dir='ltr'>Daarin</span> <span class='ocrx_word' id='word_1_276' title='bbox 1280 1957 1434 1990; x_wconf 88' lang='lat' dir='ltr'>worden</span> <span class='ocrx_word' id='word_1_277' title='bbox 1448 1965 1706 1999; x_wconf 88' lang='lat' dir='ltr'>opgenomen:</span> 
     </span>
     <span class='ocr_line' id='line_1_29' title="bbox 70 2011 1710 2056; baseline -0.002 -8"><span class='ocrx_word' id='word_1_278' title='bbox 70 2014 106 2048; x_wconf 92' lang='lat'>10</span> <span class='ocrx_word' id='word_1_279' title='bbox 130 2014 206 2047; x_wconf 90' lang='lat' dir='ltr'>Het</span> <span class='ocrx_word' id='word_1_280' title='bbox 221 2014 355 2047; x_wconf 90' lang='lat' dir='ltr'>vonnis</span> <span class='ocrx_word' id='word_1_281' title='bbox 372 2014 466 2047; x_wconf 90' lang='lat' dir='ltr'>door</span> <span class='ocrx_word' id='word_1_282' title='bbox 488 2013 512 2048; x_wconf 83' lang='lat' dir='ltr'>J</span> <span class='ocrx_word' id='word_1_283' title='bbox 515 2023 575 2055; x_wconf 91' lang='lat' dir='ltr'>an,</span> <span class='ocrx_word' id='word_1_284' title='bbox 590 2013 785 2056; x_wconf 85' lang='lat' dir='ltr'>patriarch</span> <span class='ocrx_word' id='word_1_285' title='bbox 801 2023 872 2047; x_wconf 88' lang='lat' dir='ltr'>van</span> <span class='ocrx_word' id='word_1_286' title='bbox 890 2013 1213 2054; x_wconf 87' lang='lat' dir='ltr'>Constantinopel,</span> <span class='ocrx_word' id='word_1_287' title='bbox 1230 2014 1345 2056; x_wconf 87' lang='lat' dir='ltr'>tegen</span> <span class='ocrx_word' id='word_1_288' title='bbox 1370 2013 1566 2046; x_wconf 88' lang='lat' dir='ltr'>Serrurier</span> <span class='ocrx_word' id='word_1_289' title='bbox 1579 2022 1626 2054; x_wconf 89' lang='lat' dir='ltr'>op</span> <span class='ocrx_word' id='word_1_290' title='bbox 1643 2011 1710 2045; x_wconf 88' lang='lat' dir='ltr'>het</span> 
     </span>
     <span class='ocr_line' id='line_1_30' title="bbox 69 2067 1708 2113; baseline -0.001 -11"><span class='ocrx_word' id='word_1_291' title='bbox 69 2069 237 2103; x_wconf 89' lang='lat' dir='ltr'>Concilie</span> <span class='ocrx_word' id='word_1_292' title='bbox 254 2070 486 2103; x_wconf 90' lang='lat' dir='ltr'>voornoemd</span> <span class='ocrx_word' id='word_1_293' title='bbox 508 2069 806 2113; x_wconf 80' lang='lat' dir='ltr'>uitgesproken3</span> <span class='ocrx_word' id='word_1_294' title='bbox 824 2070 862 2102; x_wconf 83' lang='grc' dir='ltr'>2ο</span> <span class='ocrx_word' id='word_1_295' title='bbox 881 2070 936 2103; x_wconf 84' lang='grc'>1)0</span> <span class='ocrx_word' id='word_1_296' title='bbox 960 2068 1213 2111; x_wconf 78' lang='lat' dir='ltr'>schriftelijke</span> <span class='ocrx_word' id='word_1_297' title='bbox 1230 2068 1449 2111; x_wconf 79' lang='lat' dir='ltr'>afzwering,</span> <span class='ocrx_word' id='word_1_298' title='bbox 1467 2068 1561 2101; x_wconf 90' lang='lat' dir='ltr'>door</span> <span class='ocrx_word' id='word_1_299' title='bbox 1577 2067 1708 2101; x_wconf 89' lang='lat' dir='ltr'>Serru-</span> 
     </span>
     <span class='ocr_line' id='line_1_31' title="bbox 68 2123 1707 2168; baseline -0.001 -10"><span class='ocrx_word' id='word_1_300' title='bbox 68 2125 160 2166; x_wconf 88' lang='lat' dir='ltr'>rier,</span> <span class='ocrx_word' id='word_1_301' title='bbox 174 2135 245 2159; x_wconf 86' lang='lat' dir='ltr'>van</span> <span class='ocrx_word' id='word_1_302' title='bbox 277 2126 373 2168; x_wconf 77' lang='lat' dir='ltr'>ziJne</span> <span class='ocrx_word' id='word_1_303' title='bbox 397 2125 592 2168; x_wconf 86' lang='lat' dir='ltr'>dolingen,</span> <span class='ocrx_word' id='word_1_304' title='bbox 617 2134 794 2159; x_wconf 82' lang='lat' dir='ltr'>waarvan</span> <span class='ocrx_word' id='word_1_305' title='bbox 812 2125 857 2158; x_wconf 89' lang='lat' dir='ltr'>de</span> <span class='ocrx_word' id='word_1_306' title='bbox 889 2124 968 2167; x_wconf 82' lang='lat' dir='ltr'>lijst</span> <span class='ocrx_word' id='word_1_307' title='bbox 998 2125 1120 2158; x_wconf 81' lang='lat' dir='ltr'>werdt</span> <span class='ocrx_word' id='word_1_308' title='bbox 1146 2124 1372 2168; x_wconf 84' lang='lat' dir='ltr'>ingelaseht.</span> <span class='ocrx_word' id='word_1_309' title='bbox 1399 2124 1477 2167; x_wconf 87' lang='lat' dir='ltr'>(Zie</span> <span class='ocrx_word' id='word_1_310' title='bbox 1500 2123 1707 2157; x_wconf 87' lang='lat' dir='ltr'>hierboven</span> 
     </span>
     <span class='ocr_line' id='line_1_32' title="bbox 69 2179 726 2224; baseline -0.002 -11"><span class='ocrx_word' id='word_1_311' title='bbox 69 2190 136 2214; x_wconf 89' lang='grc'>0115</span> <span class='ocrx_word' id='word_1_312' title='bbox 149 2181 236 2214; x_wconf 86' lang='lat' dir='ltr'>stuk</span> <span class='ocrx_word' id='word_1_313' title='bbox 253 2187 292 2213; x_wconf 80' lang='lat' dir='ltr'>11r</span> <span class='ocrx_word' id='word_1_314' title='bbox 317 2179 392 2221; x_wconf 87' lang='grc'>132,</span> <span class='ocrx_word' id='word_1_315' title='bbox 412 2180 481 2213; x_wconf 88' lang='lat' dir='ltr'>blz.</span> <span class='ocrx_word' id='word_1_316' title='bbox 507 2180 573 2213; x_wconf 91' lang='grc'>206</span> <span class='ocrx_word' id='word_1_317' title='bbox 590 2189 636 2214; x_wconf 91' lang='grc'>011</span> <span class='ocrx_word' id='word_1_318' title='bbox 649 2181 726 2224; x_wconf 84' lang='lat' dir='ltr'>vg.)</span> 
     </span>
    </p>

    <p class='ocr_par' dir='ltr' id='par_1_9' title="bbox 62 2235 1708 2781">
     <span class='ocr_line' id='line_1_33' title="bbox 111 2235 1706 2280; baseline -0.001 -11"><span class='ocrx_word' id='word_1_319' title='bbox 111 2235 158 2280; x_wconf 81' lang='grc'>(2)</span> <span class='ocrx_word' id='word_1_320' title='bbox 181 2237 277 2269; x_wconf 86' lang='lat' dir='ltr'>Hier</span> <span class='ocrx_word' id='word_1_321' title='bbox 311 2236 416 2279; x_wconf 78' lang='lat' dir='ltr'>volgt</span> <span class='ocrx_word' id='word_1_322' title='bbox 442 2236 508 2269; x_wconf 88' lang='lat' dir='ltr'>het</span> <span class='ocrx_word' id='word_1_323' title='bbox 536 2237 668 2269; x_wconf 83' lang='lat' dir='ltr'>vonnis</span> <span class='ocrx_word' id='word_1_324' title='bbox 700 2237 794 2269; x_wconf 86' lang='lat' dir='ltr'>door</span> <span class='ocrx_word' id='word_1_325' title='bbox 816 2237 1016 2277; x_wconf 89' lang='lat' dir='ltr'>Antonius,</span> <span class='ocrx_word' id='word_1_326' title='bbox 1047 2237 1245 2270; x_wconf 74' lang='lat' dir='ltr'>Kardinaal</span> <span class='ocrx_word' id='word_1_327' title='bbox 1274 2246 1345 2270; x_wconf 87' lang='lat' dir='ltr'>van</span> <span class='ocrx_word' id='word_1_328' title='bbox 1373 2236 1564 2278; x_wconf 81' lang='lat' dir='ltr'>Aquileja‚</span> <span class='ocrx_word' id='word_1_329' title='bbox 1593 2236 1706 2278; x_wconf 84' lang='lat' dir='ltr'>tegcn</span> 
     </span>
     <span class='ocr_line' id='line_1_34' title="bbox 67 2291 1705 2335; baseline -0.001 -10"><span class='ocrx_word' id='word_1_330' title='bbox 67 2292 261 2326; x_wconf 86' lang='lat' dir='ltr'>Serrurier</span> <span class='ocrx_word' id='word_1_331' title='bbox 295 2292 569 2335; x_wconf 84' lang='lat' dir='ltr'>uitgesproken</span> <span class='ocrx_word' id='word_1_332' title='bbox 605 2291 658 2334; x_wconf 88' lang='lat'>(11</span> <span class='ocrx_word' id='word_1_333' title='bbox 689 2292 900 2326; x_wconf 88' lang='lat' dir='ltr'>December</span> <span class='ocrx_word' id='word_1_334' title='bbox 932 2291 1043 2335; x_wconf 75' lang='lat'>1419).</span> <span class='ocrx_word' id='word_1_335' title='bbox 1074 2293 1215 2326; x_wconf 88' lang='lat' dir='ltr'>Daarin</span> <span class='ocrx_word' id='word_1_336' title='bbox 1247 2293 1402 2325; x_wconf 84' lang='lat' dir='ltr'>worden</span> <span class='ocrx_word' id='word_1_337' title='bbox 1441 2300 1705 2334; x_wconf 85' lang='lat' dir='ltr'>opgenomen:</span> 
     </span>
     <span class='ocr_line' id='line_1_35' title="bbox 66 2346 1708 2390; baseline 0.001 -12"><span class='ocrx_word' id='word_1_338' title='bbox 66 2346 103 2378; x_wconf 91' lang='lat'>1⁰</span> <span class='ocrx_word' id='word_1_339' title='bbox 120 2347 196 2380; x_wconf 83' lang='lat' dir='ltr'>Het</span> <span class='ocrx_word' id='word_1_340' title='bbox 209 2347 342 2380; x_wconf 85' lang='lat' dir='ltr'>vonnis</span> <span class='ocrx_word' id='word_1_341' title='bbox 358 2356 429 2380; x_wconf 87' lang='lat' dir='ltr'>van</span> <span class='ocrx_word' id='word_1_342' title='bbox 445 2347 468 2380; x_wconf 77' lang='lat' dir='ltr'>J</span> <span class='ocrx_word' id='word_1_343' title='bbox 473 2357 532 2387; x_wconf 85' lang='lat' dir='ltr'>an,</span> <span class='ocrx_word' id='word_1_344' title='bbox 559 2347 754 2389; x_wconf 85' lang='lat' dir='ltr'>patriarch</span> <span class='ocrx_word' id='word_1_345' title='bbox 786 2357 856 2380; x_wconf 81' lang='lat' dir='ltr'>van</span> <span class='ocrx_word' id='word_1_346' title='bbox 875 2347 1185 2389; x_wconf 88' lang='lat' dir='ltr'>Constantinopel</span> <span class='ocrx_word' id='word_1_347' title='bbox 1204 2359 1213 2390; x_wconf 79' lang='grc' dir='ltr'><strong>ς</strong></span> <span class='ocrx_word' id='word_1_348' title='bbox 1241 2347 1279 2380; x_wconf 70' lang='grc'>20</span> <span class='ocrx_word' id='word_1_349' title='bbox 1307 2349 1383 2381; x_wconf 89' lang='lat' dir='ltr'>Het</span> <span class='ocrx_word' id='word_1_350' title='bbox 1408 2347 1708 2381; x_wconf 78' lang='lat' dir='ltr'>verzoekschrii&#39;t</span> 
     </span>
     <span class='ocr_line' id='line_1_36' title="bbox 65 2402 1703 2446; baseline 0 -11"><span class='ocrx_word' id='word_1_351' title='bbox 65 2403 160 2435; x_wconf 88' lang='lat' dir='ltr'>door</span> <span class='ocrx_word' id='word_1_352' title='bbox 186 2402 232 2436; x_wconf 89' lang='lat' dir='ltr'>de</span> <span class='ocrx_word' id='word_1_353' title='bbox 257 2402 616 2446; x_wconf 85' lang='lat' dir='ltr'>gevolmachtigden</span> <span class='ocrx_word' id='word_1_354' title='bbox 646 2403 713 2436; x_wconf 92' lang='lat' dir='ltr'>der</span> <span class='ocrx_word' id='word_1_355' title='bbox 737 2402 968 2436; x_wconf 88' lang='lat' dir='ltr'>bedelorden</span> <span class='ocrx_word' id='word_1_356' title='bbox 986 2404 1042 2436; x_wconf 90' lang='lat' dir='ltr'>tot</span> <span class='ocrx_word' id='word_1_357' title='bbox 1074 2403 1146 2437; x_wconf 90' lang='lat' dir='ltr'>den</span> <span class='ocrx_word' id='word_1_358' title='bbox 1174 2413 1268 2446; x_wconf 86' lang='lat' dir='ltr'>paus</span> <span class='ocrx_word' id='word_1_359' title='bbox 1295 2403 1458 2446; x_wconf 68' lang='lat' dir='ltr'>geriem,</span> <span class='ocrx_word' id='word_1_360' title='bbox 1483 2403 1638 2445; x_wconf 85' lang='lat' dir='ltr'>waarbij</span> <span class='ocrx_word' id='word_1_361' title='bbox 1657 2402 1703 2444; x_wconf 87' lang='lat' dir='ltr'>zij</span> 
     </span>
     <span class='ocr_line' id='line_1_37' title="bbox 64 2457 1706 2501; baseline -0.001 -9"><span class='ocrx_word' id='word_1_362' title='bbox 64 2457 152 2492; x_wconf 90' lang='lat' dir='ltr'>hem</span> <span class='ocrx_word' id='word_1_363' title='bbox 168 2467 311 2501; x_wconf 85' lang='lat' dir='ltr'>vragen</span> <span class='ocrx_word' id='word_1_364' title='bbox 340 2459 413 2491; x_wconf 85' lang='lat' dir='ltr'>den</span> <span class='ocrx_word' id='word_1_365' title='bbox 441 2458 641 2492; x_wconf 86' lang='lat' dir='ltr'>kardinaal</span> <span class='ocrx_word' id='word_1_366' title='bbox 673 2468 744 2492; x_wconf 89' lang='lat' dir='ltr'>van</span> <span class='ocrx_word' id='word_1_367' title='bbox 773 2459 924 2492; x_wconf 88' lang='lat' dir='ltr'>Verona</span> <span class='ocrx_word' id='word_1_368' title='bbox 957 2460 1035 2492; x_wconf 83' lang='lat' dir='ltr'>met</span> <span class='ocrx_word' id='word_1_369' title='bbox 1060 2468 1130 2492; x_wconf 88' lang='lat' dir='ltr'>een</span> <span class='ocrx_word' id='word_1_370' title='bbox 1158 2460 1283 2492; x_wconf 86' lang='lat' dir='ltr'>nieuw</span> <span class='ocrx_word' id='word_1_371' title='bbox 1311 2459 1525 2492; x_wconf 85' lang='lat' dir='ltr'>onderzeek</span> <span class='ocrx_word' id='word_1_372' title='bbox 1548 2468 1620 2492; x_wconf 87' lang='lat' dir='ltr'>van</span> <span class='ocrx_word' id='word_1_373' title='bbox 1639 2458 1706 2492; x_wconf 87' lang='lat' dir='ltr'>het</span> 
     </span>
     <span class='ocr_line' id='line_1_38' title="bbox 65 2513 1704 2557; baseline 0.001 -11"><span class='ocrx_word' id='word_1_374' title='bbox 65 2521 198 2556; x_wconf 86' lang='lat' dir='ltr'>proces</span> <span class='ocrx_word' id='word_1_375' title='bbox 222 2515 260 2547; x_wconf 94' lang='lat' dir='ltr'>te</span> <span class='ocrx_word' id='word_1_376' title='bbox 276 2513 450 2557; x_wconf 85' lang='lat' dir='ltr'>gelasten</span> <span class='ocrx_word' id='word_1_377' title='bbox 467 2524 475 2555; x_wconf 83' lang='lat'>3</span> <span class='ocrx_word' id='word_1_378' title='bbox 502 2523 548 2547; x_wconf 91' lang='lat' dir='ltr'>en</span> <span class='ocrx_word' id='word_1_379' title='bbox 569 2514 614 2547; x_wconf 90' lang='grc'>(10</span> <span class='ocrx_word' id='word_1_380' title='bbox 633 2513 810 2556; x_wconf 87' lang='lat' dir='ltr'>apostille</span> <span class='ocrx_word' id='word_1_381' title='bbox 827 2514 981 2556; x_wconf 88' lang='lat' dir='ltr'>waarbij</span> <span class='ocrx_word' id='word_1_382' title='bbox 998 2516 1044 2548; x_wconf 74' lang='lat' dir='ltr'>&lt;le</span> <span class='ocrx_word' id='word_1_383' title='bbox 1057 2524 1150 2556; x_wconf 88' lang='lat' dir='ltr'>paus</span> <span class='ocrx_word' id='word_1_384' title='bbox 1168 2524 1239 2547; x_wconf 87' lang='lat' dir='ltr'>aan</span> <span class='ocrx_word' id='word_1_385' title='bbox 1263 2514 1351 2548; x_wconf 89' lang='grc'>(11011</span> <span class='ocrx_word' id='word_1_386' title='bbox 1367 2514 1518 2548; x_wconf 84' lang='lat' dir='ltr'>wensch</span> <span class='ocrx_word' id='word_1_387' title='bbox 1535 2514 1704 2555; x_wconf 81' lang='lat' dir='ltr'>voldoet3</span> 
     </span>
     <span class='ocr_line' id='line_1_39' title="bbox 63 2569 1705 2612; baseline 0 -9"><span class='ocrx_word' id='word_1_388' title='bbox 63 2569 102 2603; x_wconf 85' lang='lat'>3⁰</span> <span class='ocrx_word' id='word_1_389' title='bbox 127 2569 202 2602; x_wconf 90' lang='lat' dir='ltr'>Het</span> <span class='ocrx_word' id='word_1_390' title='bbox 218 2569 518 2602; x_wconf 82' lang='lat' dir='ltr'>verzoekschrift</span> <span class='ocrx_word' id='word_1_391' title='bbox 534 2579 605 2603; x_wconf 87' lang='lat' dir='ltr'>van</span> <span class='ocrx_word' id='word_1_392' title='bbox 623 2570 695 2603; x_wconf 90' lang='lat' dir='ltr'>den</span> <span class='ocrx_word' id='word_1_393' title='bbox 719 2569 922 2603; x_wconf 83' lang='lat' dir='ltr'>kardinaal</span> <span class='ocrx_word' id='word_1_394' title='bbox 947 2580 1017 2603; x_wconf 89' lang='lat' dir='ltr'>van</span> <span class='ocrx_word' id='word_1_395' title='bbox 1041 2570 1232 2612; x_wconf 83' lang='lat' dir='ltr'>Aquilcja,</span> <span class='ocrx_word' id='word_1_396' title='bbox 1250 2570 1404 2612; x_wconf 84' lang='lat' dir='ltr'>waarbij</span> <span class='ocrx_word' id='word_1_397' title='bbox 1431 2571 1520 2603; x_wconf 90' lang='lat' dir='ltr'>deze</span> <span class='ocrx_word' id='word_1_398' title='bbox 1537 2579 1608 2603; x_wconf 89' lang='lat' dir='ltr'>aan</span> <span class='ocrx_word' id='word_1_399' title='bbox 1632 2570 1705 2603; x_wconf 88' lang='lat' dir='ltr'>den</span> 
     </span>
     <span class='ocr_line' id='line_1_40' title="bbox 63 2624 1700 2667; baseline 0.001 -10"><span class='ocrx_word' id='word_1_400' title='bbox 63 2634 157 2667; x_wconf 88' lang='lat' dir='ltr'>paus</span> <span class='ocrx_word' id='word_1_401' title='bbox 170 2625 304 2667; x_wconf 87' lang='lat' dir='ltr'>vraagt</span> <span class='ocrx_word' id='word_1_402' title='bbox 316 2624 403 2658; x_wconf 90' lang='lat' dir='ltr'>hem</span> <span class='ocrx_word' id='word_1_403' title='bbox 417 2624 720 2667; x_wconf 73' lang='lat' dir='ltr'>uitdrukkeline</span> <span class='ocrx_word' id='word_1_404' title='bbox 733 2624 923 2658; x_wconf 87' lang='lat' dir='ltr'>volmacht</span> <span class='ocrx_word' id='word_1_405' title='bbox 935 2626 972 2658; x_wconf 89' lang='lat' dir='ltr'>te</span> <span class='ocrx_word' id='word_1_406' title='bbox 984 2625 1206 2667; x_wconf 86' lang='lat' dir='ltr'>verleenen;</span> <span class='ocrx_word' id='word_1_407' title='bbox 1221 2634 1268 2658; x_wconf 92' lang='grc'>011</span> <span class='ocrx_word' id='word_1_408' title='bbox 1285 2626 1330 2659; x_wconf 89' lang='grc'>(10</span> <span class='ocrx_word' id='word_1_409' title='bbox 1344 2625 1533 2667; x_wconf 85' lang='lat' dir='ltr'>apostille,</span> <span class='ocrx_word' id='word_1_410' title='bbox 1547 2626 1700 2667; x_wconf 85' lang='lat' dir='ltr'>waarbij</span> 
     </span>
     <span class='ocr_line' id='line_1_41' title="bbox 64 2679 1702 2723; baseline 0.001 -11"><span class='ocrx_word' id='word_1_411' title='bbox 64 2679 110 2714; x_wconf 92' lang='lat' dir='ltr'>de</span> <span class='ocrx_word' id='word_1_412' title='bbox 127 2689 220 2722; x_wconf 86' lang='lat' dir='ltr'>paus</span> <span class='ocrx_word' id='word_1_413' title='bbox 237 2680 326 2714; x_wconf 90' lang='lat' dir='ltr'>deze</span> <span class='ocrx_word' id='word_1_414' title='bbox 343 2679 534 2713; x_wconf 88' lang='lat' dir='ltr'>volmacht</span> <span class='ocrx_word' id='word_1_415' title='bbox 551 2681 655 2723; x_wconf 83' lang='lat' dir='ltr'>geeft</span> <span class='ocrx_word' id='word_1_416' title='bbox 671 2691 679 2722; x_wconf 83' lang='lat'>3</span> <span class='ocrx_word' id='word_1_417' title='bbox 698 2683 735 2714; x_wconf 78' lang='grc' dir='ltr'>4ο</span> <span class='ocrx_word' id='word_1_418' title='bbox 760 2681 816 2714; x_wconf 86' lang='grc' dir='ltr'>Ι)0</span> <span class='ocrx_word' id='word_1_419' title='bbox 834 2680 937 2714; x_wconf 90' lang='lat' dir='ltr'>tekst</span> <span class='ocrx_word' id='word_1_420' title='bbox 960 2690 1030 2714; x_wconf 84' lang='lat' dir='ltr'>van</span> <span class='ocrx_word' id='word_1_421' title='bbox 1049 2680 1114 2714; x_wconf 91' lang='lat' dir='ltr'>het</span> <span class='ocrx_word' id='word_1_422' title='bbox 1141 2681 1274 2714; x_wconf 91' lang='lat' dir='ltr'>vonnis</span> <span class='ocrx_word' id='word_1_423' title='bbox 1300 2691 1372 2715; x_wconf 86' lang='lat' dir='ltr'>van</span> <span class='ocrx_word' id='word_1_424' title='bbox 1400 2682 1473 2715; x_wconf 91' lang='lat' dir='ltr'>den</span> <span class='ocrx_word' id='word_1_425' title='bbox 1504 2681 1702 2715; x_wconf 87' lang='lat' dir='ltr'>kardinaal</span> 
     </span>
     <span class='ocr_line' id='line_1_42' title="bbox 62 2735 1321 2781; baseline 0.001 -13"><span class='ocrx_word' id='word_1_426' title='bbox 62 2744 132 2769; x_wconf 89' lang='lat' dir='ltr'>van</span> <span class='ocrx_word' id='word_1_427' title='bbox 145 2735 332 2777; x_wconf 88' lang='lat' dir='ltr'>Aquileja.</span> <span class='ocrx_word' id='word_1_428' title='bbox 351 2735 428 2778; x_wconf 88' lang='lat' dir='ltr'>(Zie</span> <span class='ocrx_word' id='word_1_429' title='bbox 445 2735 650 2769; x_wconf 85' lang='lat' dir='ltr'>hierboven</span> <span class='ocrx_word' id='word_1_430' title='bbox 664 2745 731 2769; x_wconf 92' lang='lat' dir='ltr'>ons</span> <span class='ocrx_word' id='word_1_431' title='bbox 747 2736 835 2769; x_wconf 87' lang='lat' dir='ltr'>stuk</span> <span class='ocrx_word' id='word_1_432' title='bbox 852 2743 890 2769; x_wconf 79' lang='lat' dir='ltr'>nr</span> <span class='ocrx_word' id='word_1_433' title='bbox 915 2736 990 2776; x_wconf 88' lang='lat'>139,</span> <span class='ocrx_word' id='word_1_434' title='bbox 1016 2735 1083 2769; x_wconf 90' lang='lat' dir='ltr'>blz.</span> <span class='ocrx_word' id='word_1_435' title='bbox 1103 2735 1165 2769; x_wconf 87' lang='grc'>231</span> <span class='ocrx_word' id='word_1_436' title='bbox 1184 2745 1231 2770; x_wconf 87' lang='grc'>011</span> <span class='ocrx_word' id='word_1_437' title='bbox 1245 2736 1321 2781; x_wconf 84' lang='lat' dir='ltr'>vg.)</span> 
     </span>
    </p>

    <p class='ocr_par' dir='ltr' id='par_1_10' title="bbox 62 2790 1706 3063">
     <span class='ocr_line' id='line_1_43' title="bbox 107 2790 1703 2836; baseline 0.003 -13"><span class='ocrx_word' id='word_1_438' title='bbox 107 2791 154 2833; x_wconf 90' lang='lat'>(3)</span> <span class='ocrx_word' id='word_1_439' title='bbox 180 2791 276 2824; x_wconf 88' lang='lat' dir='ltr'>Hier</span> <span class='ocrx_word' id='word_1_440' title='bbox 291 2790 398 2834; x_wconf 90' lang='lat' dir='ltr'>volgt</span> <span class='ocrx_word' id='word_1_441' title='bbox 414 2792 460 2824; x_wconf 88' lang='lat' dir='ltr'>de</span> <span class='ocrx_word' id='word_1_442' title='bbox 477 2790 541 2824; x_wconf 89' lang='lat' dir='ltr'>bul</span> <span class='ocrx_word' id='word_1_443' title='bbox 559 2800 630 2824; x_wconf 84' lang='lat' dir='ltr'>van</span> <span class='ocrx_word' id='word_1_444' title='bbox 654 2790 841 2825; x_wconf 87' lang='lat' dir='ltr'>Martinus</span> <span class='ocrx_word' id='word_1_445' title='bbox 858 2792 889 2824; x_wconf 92' lang='lat' dir='ltr'>V</span> <span class='ocrx_word' id='word_1_446' title='bbox 907 2793 940 2834; x_wconf 89' lang='grc'>(6</span> <span class='ocrx_word' id='word_1_447' title='bbox 956 2792 1117 2825; x_wconf 75' lang='lat' dir='ltr'>Januari</span> <span class='ocrx_word' id='word_1_448' title='bbox 1142 2791 1240 2833; x_wconf 84' lang='grc'>1420)</span> <span class='ocrx_word' id='word_1_449' title='bbox 1258 2793 1314 2825; x_wconf 89' lang='lat' dir='ltr'>tot</span> <span class='ocrx_word' id='word_1_450' title='bbox 1339 2794 1384 2827; x_wconf 90' lang='grc'>(10</span> <span class='ocrx_word' id='word_1_451' title='bbox 1408 2793 1703 2836; x_wconf 89' lang='lat' dir='ltr'>geestelijkhcid</span> 
     </span>
     <span class='ocr_line' id='line_1_44' title="bbox 62 2846 1706 2891; baseline 0.002 -11"><span class='ocrx_word' id='word_1_452' title='bbox 62 2855 110 2880; x_wconf 89' lang='lat' dir='ltr'>en</span> <span class='ocrx_word' id='word_1_453' title='bbox 128 2847 174 2880; x_wconf 89' lang='lat' dir='ltr'>de</span> <span class='ocrx_word' id='word_1_454' title='bbox 192 2846 436 2888; x_wconf 86' lang='lat' dir='ltr'>inquisiteurs</span> <span class='ocrx_word' id='word_1_455' title='bbox 461 2847 529 2880; x_wconf 87' lang='lat' dir='ltr'>der</span> <span class='ocrx_word' id='word_1_456' title='bbox 553 2846 719 2889; x_wconf 88' lang='lat' dir='ltr'>gansche</span> <span class='ocrx_word' id='word_1_457' title='bbox 747 2847 1003 2880; x_wconf 79' lang='lat' dir='ltr'>christenheid</span> <span class='ocrx_word' id='word_1_458' title='bbox 1030 2847 1191 2890; x_wconf 83' lang='lat' dir='ltr'>gericht,</span> <span class='ocrx_word' id='word_1_459' title='bbox 1219 2849 1374 2891; x_wconf 79' lang='lat' dir='ltr'>waarbij</span> <span class='ocrx_word' id='word_1_460' title='bbox 1404 2849 1456 2891; x_wconf 82' lang='lat' dir='ltr'>hij</span> <span class='ocrx_word' id='word_1_461' title='bbox 1478 2849 1622 2883; x_wconf 84' lang='lat' dir='ltr'>beveelt</span> <span class='ocrx_word' id='word_1_462' title='bbox 1640 2849 1706 2883; x_wconf 86' lang='lat' dir='ltr'>het</span> 
     </span>
     <span class='ocr_line' id='line_1_45' title="bbox 62 2902 1702 2944; baseline 0.003 -10"><span class='ocrx_word' id='word_1_463' title='bbox 62 2902 194 2934; x_wconf 91' lang='lat' dir='ltr'>vonnis</span> <span class='ocrx_word' id='word_1_464' title='bbox 211 2911 282 2935; x_wconf 91' lang='lat' dir='ltr'>van</span> <span class='ocrx_word' id='word_1_465' title='bbox 311 2903 382 2935; x_wconf 91' lang='lat' dir='ltr'>den</span> <span class='ocrx_word' id='word_1_466' title='bbox 414 2902 606 2944; x_wconf 84' lang='lat' dir='ltr'>patriarch</span> <span class='ocrx_word' id='word_1_467' title='bbox 633 2912 703 2935; x_wconf 83' lang='lat' dir='ltr'>van</span> <span class='ocrx_word' id='word_1_468' title='bbox 733 2903 1041 2944; x_wconf 83' lang='lat' dir='ltr'>Constantinopel</span> <span class='ocrx_word' id='word_1_469' title='bbox 1070 2903 1127 2935; x_wconf 86' lang='lat' dir='ltr'>uit</span> <span class='ocrx_word' id='word_1_470' title='bbox 1142 2905 1179 2936; x_wconf 88' lang='lat' dir='ltr'>te</span> <span class='ocrx_word' id='word_1_471' title='bbox 1202 2913 1342 2937; x_wconf 88' lang='lat' dir='ltr'>voeren</span> <span class='ocrx_word' id='word_1_472' title='bbox 1366 2914 1413 2938; x_wconf 90' lang='lat' dir='ltr'>en</span> <span class='ocrx_word' id='word_1_473' title='bbox 1437 2905 1642 2939; x_wconf 82' lang='lat' dir='ltr'>ruchtbaar</span> <span class='ocrx_word' id='word_1_474' title='bbox 1665 2907 1702 2939; x_wconf 90' lang='lat' dir='ltr'>te</span> 
     </span>
     <span class='ocr_line' id='line_1_46' title="bbox 63 2956 1700 3002; baseline 0.003 -13"><span class='ocrx_word' id='word_1_475' title='bbox 63 2956 213 2997; x_wconf 81' lang='lat' dir='ltr'>maken‚</span> <span class='ocrx_word' id='word_1_476' title='bbox 229 2957 361 2990; x_wconf 87' lang='lat' dir='ltr'>alsook</span> <span class='ocrx_word' id='word_1_477' title='bbox 375 2957 602 2991; x_wconf 87' lang='lat' dir='ltr'>Serrurier&#39;s</span> <span class='ocrx_word' id='word_1_478' title='bbox 627 2957 866 3001; x_wconf 87' lang='lat' dir='ltr'>aanhangers</span> <span class='ocrx_word' id='word_1_479' title='bbox 891 2959 928 2991; x_wconf 89' lang='lat' dir='ltr'>te</span> <span class='ocrx_word' id='word_1_480' title='bbox 946 2959 1113 2991; x_wconf 81' lang='lat' dir='ltr'>straffen.</span> <span class='ocrx_word' id='word_1_481' title='bbox 1141 2958 1257 3001; x_wconf 87' lang='lat' dir='ltr'>(Eene</span> <span class='ocrx_word' id='word_1_482' title='bbox 1282 2959 1362 3002; x_wconf 79' lang='lat' dir='ltr'>lijSt</span> <span class='ocrx_word' id='word_1_483' title='bbox 1377 2969 1447 2994; x_wconf 89' lang='lat' dir='ltr'>van</span> <span class='ocrx_word' id='word_1_484' title='bbox 1473 2961 1700 2994; x_wconf 85' lang='lat' dir='ltr'>Serrurier&#39;s</span> 
     </span>
     <span class='ocr_line' id='line_1_47' title="bbox 64 3012 1701 3063; baseline 0.001 -16"><span class='ocrx_word' id='word_1_485' title='bbox 64 3012 245 3057; x_wconf 82' lang='lat' dir='ltr'>delingen</span> <span class='ocrx_word' id='word_1_486' title='bbox 261 3013 386 3048; x_wconf 85' lang='lat' dir='ltr'>werdt</span> <span class='ocrx_word' id='word_1_487' title='bbox 401 3022 444 3047; x_wconf 88' lang='lat' dir='ltr'>er</span> <span class='ocrx_word' id='word_1_488' title='bbox 459 3013 698 3058; x_wconf 87' lang='lat' dir='ltr'>ingelascht).</span> <span class='ocrx_word' id='word_1_489' title='bbox 727 3013 805 3056; x_wconf 89' lang='lat' dir='ltr'>(Zie</span> <span class='ocrx_word' id='word_1_490' title='bbox 822 3013 1031 3049; x_wconf 82' lang='lat' dir='ltr'>hierboven</span> <span class='ocrx_word' id='word_1_491' title='bbox 1049 3024 1116 3049; x_wconf 86' lang='lat' dir='ltr'>ons</span> <span class='ocrx_word' id='word_1_492' title='bbox 1129 3015 1216 3049; x_wconf 83' lang='lat' dir='ltr'>stuk</span> <span class='ocrx_word' id='word_1_493' title='bbox 1232 3022 1270 3050; x_wconf 82' lang='lat' dir='ltr'>nr</span> <span class='ocrx_word' id='word_1_494' title='bbox 1295 3015 1371 3058; x_wconf 85' lang='lat'>140,</span> <span class='ocrx_word' id='word_1_495' title='bbox 1386 3016 1455 3051; x_wconf 90' lang='lat' dir='ltr'>blz.</span> <span class='ocrx_word' id='word_1_496' title='bbox 1481 3015 1547 3051; x_wconf 75' lang='lat'>240</span> <span class='ocrx_word' id='word_1_497' title='bbox 1559 3026 1606 3052; x_wconf 93' lang='lat' dir='ltr'>en</span> <span class='ocrx_word' id='word_1_498' title='bbox 1623 3018 1701 3063; x_wconf 83' lang='lat' dir='ltr'>vg.)</span> 
     </span>
    </p>
   </div>
  </div>
 </body>
</html>
