2050 3470
301 273 363 305 404
992 271 1130 306 ANNO
1157 272 1241 306 1419

300 383 496 422 manendo,
530 383 644 416 vitam
668 383 839 416 eternam
866 382 1026 415 credunt
1049 391 1088 415 se
1112 392 1223 424 posse
1247 383 1388 417 mereri
1413 382 1628 417 mortaliter
1652 384 1855 426 peccando.
1881 384 1939 419 Ex

300 439 433 481 quibus
466 438 649 479 sequitur,
678 438 790 479 quod,
823 436 961 479 aliquis
985 437 1035 470 sit
1062 437 1276 472 voluntarie
1308 447 1454 481 pauper
1482 439 1640 481 propter
1669 439 1872 482 Christum,
1898 440 1938 474 in

299 493 424 526 seculo
450 501 620 535 manens,
646 492 798 525 omnino
817 491 934 524 nichil
951 491 1126 525 habendo
1144 502 1214 526 nec
1231 493 1347 526 etiam
1372 493 1493 535 ipsam
1518 493 1751 528 voluntatem
1774 494 1939 529 habendi

298 548 463 590 propria,
500 547 659 580 includit
694 557 762 589 pro
796 547 899 580 omni
927 548 1098 589 tempore
1127 548 1481 589 contradictionem,
1511 549 1610 592 etc.;
1647 549 1734 591 quia
1765 550 1937 593 includit,

297 603 395 644 quod
420 602 601 635 secularis
624 603 673 635 sit
689 602 893 645 religiosus
911 604 950 636 et
973 604 1142 646 econtra,
1170 604 1269 645 quod
1286 604 1344 637 est
1361 604 1464 637 omni
1481 605 1653 646 tempore
1674 605 1938 638 contradictio.

296 657 352 690 Ex
370 657 503 698 quibus
528 658 711 699 sequitur,
726 658 825 699 quod
841 667 916 691 non
934 657 1076 691 effundi
1094 667 1225 691 omnes
1249 668 1339 701 opes
1357 659 1469 693 simul
1487 660 1533 692 ab
1551 659 1638 699 hiis,
1663 660 1727 701 qui
1751 659 1882 692 volunt
1898 660 1938 692 in

295 714 394 746 statu
412 712 573 746 seculari
590 721 801 753 remanere,
819 713 1017 747 reducitur
1039 714 1147 755 quasi
1163 714 1383 747 immediate
1410 714 1457 748 ad
1474 714 1570 748 illud
1585 716 1809 757 preceptum
1827 715 1935 749 deca-

295 769 372 812 logi
393 780 399 802 :
439 783 452 800 α
474 770 558 803 Νο11
587 770 735 803 occides
756 782 769 799 n
790 780 799 812 ς
828 779 903 803 11110
928 779 1016 803 casu
1040 771 1188 804 tantum
1220 771 1387 812 dempto,
1422 771 1630 805 secundum
1656 771 1938 813 expositionem

294 826 412 858 sancti
430 824 575 858 Thome
603 825 800 867 questione
828 826 1021 859 tricesima
1037 826 1164 867 tertia,
1195 825 1399 869 allegantis
1424 827 1471 860 ad
1496 826 1825 861 confirmationem
1843 827 1935 860 dicti

293 881 350 912 sui
368 881 621 922 Ambrosium,
639 881 829 914 dicentem
854 881 892 913 in
910 881 1034 923 primo
1053 882 1099 915 de
1117 881 1253 914 officiis
1271 891 1278 915 :
1300 894 1317 912 ιι
1332 882 1434 915 Deus
1459 891 1535 915 non
1559 881 1640 915 vult
1667 881 1780 915 simul
1805 891 1936 916 omnes

292 944 382 977 opes
407 935 564 978 effundi,
589 936 661 968 nisi
689 936 788 969 forte
816 937 858 968 ut
881 936 1071 976 HeliseUS‚
1102 937 1166 978 qui
1191 937 1370 970 mactavit
1398 938 1512 970 boves
1537 947 1624 970 suos
1655 938 1694 970 et
1720 938 1824 980 pavit
1846 947 1935 980 pau-

291 999 402 1032 peres
426 1000 468 1022 ex
500 1000 557 1031 eo,
591 992 689 1031 quod
727 991 871 1031 habuit,
906 991 947 1024 ut
975 991 1081 1024 nulla
1112 1001 1204 1025 cura
1232 993 1430 1025 teneretur
1463 993 1684 1032 domestica,
1722 993 1787 1026 sed
1823 994 1863 1026 ut
1896 1002 1936 1026 se

290 1046 398 1078 daret
431 1046 469 1077 in
498 1046 760 1087 propheticam
792 1046 1081 1088 disciplinam»,
1112 1047 1211 1088 quod
1246 1048 1416 1087 verbum,
1450 1048 1597 1081 scilicet
1628 1061 1641 1078 α
1662 1048 1735 1080 nisi
1766 1048 1867 1081 forte
1894 1049 1937 1081 ut

292 1100 467 1133 Heliseus
485 1113 513 1140 a,
545 1101 700 1142 exponit
728 1102 879 1134 sanctus
909 1101 1074 1134 Thomas
1094 1112 1101 1134 :
1131 1115 1144 1131 «ι
1166 1102 1239 1135 nisi
1257 1102 1341 1143 quis
1365 1101 1457 1136 velit
1483 1104 1623 1135 statum
1647 1112 1770 1144 suum,
1790 1103 1936 1136 scilicet

289 1155 511 1196 secularem,
529 1157 677 1189 mutare
701 1166 770 1198 per
786 1156 986 1199 religionis
1004 1157 1223 1200 ingressum
1238 1159 1304 1190 aut
1328 1158 1542 1200 principem
1558 1159 1604 1192 de
1622 1159 1793 1192 extrema
1809 1167 1934 1192 neces-

289 1212 398 1244 sitate
423 1211 588 1244 liberare
605 1224 634 1252 ι,
664 1212 751 1252 etc.,
777 1212 815 1245 et
839 1212 1034 1245 ι1011601165
1054 1213 1094 1245 111
1120 1213 1274 1246 Summa
1298 1214 1559 1247 confessorum
1584 1214 1651 1247 sub
1678 1214 1764 1247 aliis
1777 1214 1905 1255 ⁸verbis
1925 1222 1933 1246 :

291 1280 303 1295 ιι
322 1266 393 1298 nisi
418 1266 501 1307 quis
525 1266 617 1300 velit
641 1275 688 1299 ex
709 1267 789 1299 toto
807 1266 979 1300 seculum
995 1267 1215 1310 relinquere
1232 1281 1261 1308 υ,
1280 1269 1318 1301 et
1335 1269 1521 1311 magister
1538 1278 1683 1302 summe
1702 1278 1934 1303 summarum

287 1322 397 1355 titulo
427 1323 473 1356 de
498 1322 707 1356 elemosina
735 1324 827 1356 dicit
850 1324 964 1364 idem,
992 1325 1029 1357 et
1056 1323 1227 1366 loquitur
1254 1325 1307 1357 ibi
1335 1326 1559 1358 Ambrosius
1585 1326 1630 1358 de
1659 1325 1844 1359 effusione
1867 1334 1933 1359 seu

288 1379 524 1412 abdicatione
553 1380 639 1412 actu
675 1379 906 1420 habitorum,
948 1389 994 1414 ex
1034 1381 1170 1422 quibus
1201 1381 1314 1414 homo
1355 1382 1476 1423 possit
1508 1381 1780 1415 convenienter
1818 1382 1934 1414 vitam

286 1434 500 1477 transigere
525 1435 732 1468 secundum
760 1436 1019 1469 conditionem
1051 1436 1170 1469 status
1204 1437 1242 1469 et
1269 1445 1447 1478 persone.
1477 1437 1534 1470 Ex
1572 1437 1708 1478 quibus
1748 1437 1932 1478 sequitur,

287 1490 386 1532 quod
411 1490 539 1523 dicens
563 1490 826 1532 pertinaciter,
853 1491 981 1524 omnia
1009 1500 1091 1524 esse
1116 1492 1313 1525 meritorie
1338 1492 1537 1526 abicienda
1560 1492 1718 1534 propter
1741 1491 1934 1525 Christum

285 1546 324 1578 in
349 1545 475 1578 seculo
492 1546 672 1587 manenti,
691 1545 882 1579 hereticus
900 1547 957 1580 est
973 1546 1168 1587 dicendus,
1187 1549 1346 1590 excepto
1363 1557 1438 1581 uno
1465 1547 1546 1581 solo
1564 1557 1653 1582 casu
1671 1548 1717 1581 de
1733 1547 1931 1581 liberando

285 1601 497 1643 principem
520 1601 566 1634 de
590 1602 816 1635 necessitate
841 1602 1025 1643 extrema,
1043 1611 1112 1645 per
1136 1611 1262 1645 quem,
1287 1604 1360 1637 ete.
1385 1603 1443 1636 Ex
1469 1603 1604 1644 quibus
1628 1603 1812 1645 sequitur,
1831 1603 1931 1645 quod

285 1657 497 1699 proprietas
526 1657 793 1699 temporalium
818 1666 947 1691 rerum
972 1659 1029 1691 est
1065 1658 1180 1691 statui
1217 1658 1380 1692 seculari
1414 1657 1672 1692 essentialiter
1696 1667 1857 1699 annexa,
1893 1659 1931 1692 et

284 1721 352 1753 per
379 1721 612 1754 consequens
637 1712 811 1746 dominus
842 1723 940 1755 papa
969 1713 1072 1747 salva
1103 1714 1331 1748 auctoritate
1364 1724 1432 1747 sua
1456 1724 1531 1747 non
1560 1714 1686 1756 potest
1710 1714 1929 1755 dispensare

284 1777 369 1800 cum
399 1767 645 1809 secularibus,
679 1769 720 1801 ut
748 1769 922 1802 omnibus
954 1769 994 1802 in
1026 1769 1213 1812 singulari
1246 1771 1402 1804 careant
1427 1779 1493 1804 seu
1522 1769 1640 1803 nichil
1678 1769 1718 1802 in
1742 1769 1930 1812 singulari

283 1822 463 1856 habeant.

328 1878 419 1911 «Ex
455 1879 590 1922 quibus
629 1880 800 1922 sequitur
835 1881 963 1914 sextus
999 1880 1184 1915 articulus
1215 1882 1380 1915 reddens
1420 1881 1583 1924 predicti
1617 1881 1739 1923 quinti
1776 1879 1930 1915 articuli

282 1934 481 1968 rationem.
514 1935 551 1969 Si
573 1936 675 1969 enim
699 1935 872 1969 dominus
896 1945 994 1978 papa
1017 1938 1145 1979 posset
1169 1937 1241 1970 hoc
1259 1935 1373 1970 alicui
1391 1937 1600 1971 concedere
1629 1936 1806 1977 seculari,
1832 1937 1931 1970 vide-

280 1988 370 2022 licet
387 1991 514 2032 posset
532 1991 567 2023 ei
584 1991 794 2025 concedere
811 1991 966 2034 proprie
982 1992 1059 2025 vite
1073 1992 1388 2033 subtractionem,
1408 1994 1480 2026 etc.
1502 2003 1511 2034 3
1537 1993 1667 2035 posset
1683 1992 1812 2031 etiam,
1829 1992 1929 2033 quod

278 2054 347 2087 pro
377 2046 479 2078 omni
503 2047 674 2088 tempore
705 2047 1044 2081 contradictionem
1071 2047 1255 2090 implicat,
1285 2049 1385 2089 quod
1416 2048 1518 2082 Deus
1546 2048 1754 2081 secundum
1781 2048 1931 2081 sanctos

278 2101 405 2134 facere
422 2111 496 2134 non
513 2103 649 2144 potest.
678 2102 857 2144 Sequitur
887 2103 1015 2143 etiam,
1036 2103 1136 2145 quod
1163 2103 1369 2147 religiosus
1394 2104 1476 2138 sine
1503 2103 1659 2146 peccato
1683 2103 1837 2136 mortali
1853 2112 1929 2136 non

277 2157 402 2198 potest
419 2157 596 2191 abdicare
612 2157 847 2191 voluntatem
863 2158 1029 2192 habendi
1056 2159 1283 2200 communia,
1314 2159 1430 2193 etiam
1455 2159 1604 2201 quando
1634 2159 1719 2192 actu
1743 2158 1837 2192 talia
1852 2168 1928 2192 non

276 2210 414 2253 habetg
441 2212 529 2254 quia
545 2213 646 2246 enim
662 2212 769 2253 illud,
788 2214 888 2255 quod
906 2213 1032 2247 nullus
1049 2215 1176 2248 facere
1193 2215 1319 2257 potest
1336 2215 1419 2248 sine
1437 2214 1593 2248 mortali
1610 2215 1780 2257 peccato,
1798 2213 1925 2247 nullus

277 2268 403 2309 potest
432 2267 528 2300 illud
551 2267 649 2301 velle
678 2269 832 2311 facere3
862 2270 901 2302 et
929 2268 1135 2312 religiosus
1154 2279 1229 2303 non
1255 2271 1381 2312 potest
1397 2270 1577 2303 abdicare
1594 2270 1821 2310 communia,
1841 2270 1930 2312 quia

278 2323 358 2355 sine
372 2321 449 2355 illis
466 2323 591 2356 vivere
606 2333 680 2356 non
693 2325 832 2366 posset,
852 2334 937 2357 cum
953 2334 1023 2367 per
1037 2334 1144 2358 suam
1161 2326 1439 2367 professionem
1454 2325 1731 2359 renuntiaverit
1748 2324 1924 2358 omnibus

278 2379 315 2410 et
331 2377 491 2420 singulis
508 2379 674 2421 propriis
696 2379 967 2422 singularibus.
994 2380 1174 2423 Sequitur
1201 2390 1310 2424 ergo,
1346 2381 1446 2423 quod
1472 2380 1690 2424 religiosuS,
1717 2381 1789 2414 etc.
1825 2380 1921 2420 Quia

279 2434 405 2473 etiam,
431 2434 528 2467 teste
546 2435 674 2467 sancto
702 2434 848 2468 Thoma
872 2436 1037 2469 secunda
1069 2437 1233 2470 secunde
1262 2436 1461 2477 questione
1485 2436 1680 2470 tricesima
1702 2436 1818 2470 tertia
1836 2436 1925 2469 arti-

277 2487 374 2527 culo,
394 2489 464 2522 etc.
485 2487 610 2521 nullus
625 2489 738 2522 debet
754 2489 1068 2524 inconvenienter
1081 2491 1222 2531 vivere,
1238 2491 1362 2524 tribus
1380 2491 1529 2524 casibus
1543 2491 1722 2534 exceptis,
1738 2491 1924 2532 sequitur,

274 2544 373 2585 quod
405 2543 503 2577 male
535 2544 676 2577 faciant
707 2546 745 2578 et
776 2547 933 2587 peccent
960 2545 1056 2579 illud
1088 2547 1310 2587 abicientes,
1346 2546 1392 2580 de
1428 2556 1501 2588 quo
1541 2546 1749 2579 secundum
1781 2547 1922 2579 statum

277 2609 386 2632 suum
400 2601 438 2633 et
451 2601 707 2633 conditionem
723 2609 884 2643 persone
901 2602 1058 2643 possunt
1072 2603 1344 2636 convenienter
1356 2603 1497 2646 vivere,
1511 2601 1622 2636 dictis
1635 2601 1757 2634 tribus
1771 2601 1920 2634 casibus

277 2654 456 2696 exceptis,
487 2656 558 2688 etc.
592 2656 640 2698 (1)
664 2656 713 2690 Et
741 2655 812 2689 hoc
846 2657 919 2699 ipsi
955 2657 1144 2691 debebant
1175 2658 1379 2700 addidisse,
1412 2658 1501 2700 quia
1532 2667 1603 2702 ego
1636 2666 1787 2699 semper
1824 2655 1919 2690 illud

275 2709 433 2751 apposui
456 2710 495 2742 in
525 2711 676 2754 scriptis
706 2711 816 2745 meis.

321 2777 336 2794 α
355 2765 563 2799 Vicesimus
588 2767 741 2809 quintus
765 2767 948 2802 articulus
972 2769 1012 2802 in
1030 2769 1164 2804 ordine
1193 2773 1247 2804 est
1269 2779 1346 2803 una
1374 2770 1420 2803 de
1450 2770 1596 2812 septem
1613 2768 1919 2803 conclusionibus

317 2940 362 2982 (l)
386 2940 466 2974 Van
489 2938 630 2975 Nullus
646 2946 766 2986 potest
790 2943 873 2985 (blz.
891 2942 969 2985 403)
988 2944 1044 2977 tot
1060 2943 1208 2978 hiertoe
1233 2943 1307 2988 ziJ‘n
1323 2943 1389 2978 het
1407 2942 1577 2978 dezelfde
1598 2942 1778 2978 woorden
1795 2941 1852 2977 als
1876 2941 1915 2975 in

273 2994 463 3028 Grabow’s
490 2996 705 3038 aanklacht,
723 2998 930 3034 hierboven
947 2999 1155 3043 afgedrukt
1174 3009 1221 3043 op
1235 2999 1305 3034 blz.
1325 2999 1390 3033 217
1405 3009 1452 3034 611
1466 2999 1544 3034 218.
