2050 3470
251 279 294 311 3‘2
895 277 1031 311 ANNO
1057 277 1238 310 11751177

297 390 383 427 Quis
401 398 492 431 ergo
529 397 658 421 sanum
689 388 836 429 sapiens
867 396 997 420 eorum
1021 387 1148 420 credat
1178 388 1458 428 assertionibus,
1489 397 1572 421 cum
1601 398 1669 422 nec
1701 389 1772 431 ipsi
1803 389 1874 422 sibi

251 445 402 477 credere
427 443 772 475 communicantur?
801 442 882 474 Non
907 442 1044 483 poterit
1075 443 1188 481 certo,
1222 452 1295 474 non
1327 443 1466 484 poterit
1489 444 1736 477 accusationis
1761 443 1874 485 hujus

253 498 388 532 nebula
412 498 622 539 sapientum
646 495 774 529 oculos
790 497 828 528 in
859 496 981 537 capite
1013 505 1079 528 suo
1107 497 1328 528 constitutos
1345 496 1537 537 hebetare,
1557 506 1628 538 que
1654 506 1699 530 ne
1726 497 1876 530 rudium

252 556 402 595 quidem
434 553 678 592 intellectum,
709 561 754 585 ne
771 551 892 593 qualis
913 552 973 591 sit,
992 553 1030 584 et
1046 552 1143 584 unde
1174 553 1412 593 processerit,
1431 551 1543 586 facile
1559 551 1877 594 deprehendatur,

252 609 350 641 valet
366 609 545 650 effugere.

294 665 330 696 Si
357 665 481 704 itaque
513 662 619 695 sedes
644 662 748 694 Petri
773 661 974 701 petrinum,
1002 669 1074 692 non
1101 659 1375 693 harundineum
1399 663 1544 703 accepit
1566 661 1795 703 pontificem,
1812 661 1877 693 aut

251 719 427 750 adversus
444 716 757 757 subrepticiarum
772 714 950 755 baJ'ulum,
964 716 1028 746 aut
1045 714 1220 747 adversus
1237 723 1367 747 earum
1384 716 1512 748 tamen
1525 716 1749 749 inconcinna
1763 714 1878 748 conti·

250 773 416 806 nentium
435 771 715 803 transmissores
729 769 948 811 jamdudum
964 769 1142 802 canonice
1158 770 1336 810 preparat
1351 778 1507 803 censure
1522 769 1874 812 promulgationem.

293 828 430 860 Verum
458 825 536 858 zelo
567 825 716 865 justicie
745 824 799 856 ita
840 823 1003 856 locutum
1042 832 1115 856 non
1151 823 1358 856 arbitretur
1392 833 1452 857 me
1491 824 1728 866 paternitatis
1753 824 1878 857 vestre

249 882 459 920 clementia,
482 889 545 913 seu
571 879 767 920 quisquam
795 877 890 911 alius
919 877 1185 911 malevolentie
1210 878 1336 919 potius
1362 877 1438 911 tela
1461 879 1639 912 vibrasse.
1658 878 1742 912 Scio
1763 878 1876 917 enim,

251 935 347 976 quod
365 941 568 976 paucorum
585 932 726 964 invidia
741 931 973 965 multitudini
990 941 1133 971 eorum,
1158 941 1230 964 non
1249 933 1375 966 tamen
1398 933 1634 966 universitati
1651 932 1876 974 subripiens,

251 1001 314 1025 cos
331 991 375 1024 ad
391 990 517 1022 odium
533 991 571 1021 et
587 988 885 1029 persecutionem
903 988 1115 1021 innocentie
1142 996 1224 1020 mee
1249 988 1371 1030 magis
1397 996 1507 1028 quam
1527 987 1693 1030 cognitio
1708 987 1878 1020 veritatis

251 1048 401 1090 ignaros
419 1042 654 1085 compulerit.
683 1057 698 1068 «ι
712 1043 907 1084 Principes
930 1043 1178 1082 sacerdotum,
1198 1058 1213 1071 n
1239 1043 1292 1075 ait
1309 1041 1564 1084 Evangelista,
1585 1043 1878 1084 *persuaserunt

248 1101 369 1139 turbe,
388 1104 428 1132 ut
452 1099 571 1141 magis
604 1099 809 1130 Barrabam
840 1101 1023 1140 peterent.
1051 1114 1067 1127 „
1101 1099 1194 1131 Ecce
1218 1099 1317 1140 quod
1342 1098 1510 1140 paucitas
1534 1098 1746 1140 principum
1766 1098 1876 1131 turbe

247 1155 526 1188 multitudinem
543 1162 653 1186 cause
669 1153 841 1195 ignaram
859 1154 904 1186 ad
921 1153 1042 1187 scelus
1068 1154 1263 1186 Dominice
1287 1152 1546 1186 crucifixionis
1574 1153 1776 1186 obtinende
1805 1153 1877 1186 sibi

246 1209 599 1243 confirmentaverit.
616 1209 737 1242 Testis
756 1211 881 1241 autem
898 1208 990 1241 mihi
1008 1210 1064 1242 est
1080 1208 1189 1248 Deus,
1209 1208 1308 1250 quod
1325 1208 1508 1250 quicquid
1521 1216 1592 1250 ego
1609 1206 1703 1240 mihi
1719 1207 1807 1240 boni
1818 1207 1878 1240 vel

247 1267 356 1308 cupio
385 1264 442 1297 vel
474 1264 606 1303 habeo,
641 1273 714 1296 non
745 1264 854 1296 modo
882 1264 1017 1296 ceteris
1041 1264 1210 1296 omnibus
1235 1263 1466 1301 hominibuS,
1485 1262 1550 1295 sed
1566 1263 1603 1295 et
1619 1262 1710 1304 ipsis
1727 1261 1791 1303 qui
1806 1262 1880 1294 for-

247 1322 355 1355 tassis
374 1330 446 1353 non
463 1319 631 1359 credunt,
646 1319 768 1360 cupio,
783 1320 940 1360 excepto
954 1318 1080 1351 exilio.
1109 1318 1204 1357 Quid
1218 1319 1321 1351 enim
1337 1318 1489 1356 faciam,
1508 1326 1593 1350 cum
1609 1316 1818 1349 surrexerit
1832 1315 1879 1349 ad

246 1375 486 1418 J'udicandum
505 1373 625 1406 Deus?
639 1373 828 1414 Numquid
844 1382 930 1415 ego,
951 1382 1067 1415 vapor
1084 1373 1130 1405 ad
1147 1373 1335 1405 modicum
1352 1380 1480 1413 parem
1497 1370 1712 1404 vermiculis
1727 1371 1878 1413 reptans

247 1440 360 1472 super
376 1430 509 1462 faciem
526 1434 639 1467 terre,
659 1429 807 1461 centum
825 1428 1000 1461 denarios
1019 1437 1041 1460 a
1056 1436 1140 1460 meo
1159 1436 1338 1460 conservo
1355 1428 1419 1459 aut
1435 1436 1533 1459 nunc
1549 1427 1614 1459 aut
1629 1427 1716 1459 tunc
1732 1426 1876 1460 audebo

247 1487 430 1527 repetere,
450 1484 512 1525 qui
540 1492 655 1515 unum
679 1483 724 1515 de
748 1484 899 1516 centum
924 1482 1090 1515 millibus
1124 1481 1353 1515 talentorum
1377 1490 1398 1514 a
1422 1490 1506 1514 mea
1528 1481 1656 1523 inopia
1677 1481 1776 1522 Juste
1799 1481 1876 1514 exi-

245 1540 453 1582 gendorum
476 1547 544 1571 nec
561 1537 705 1570 sufficio
719 1546 787 1570 nec
812 1545 976 1578 unquam
1000 1537 1184 1570 sufficiam
1207 1537 1390 1569 reddere?
1410 1535 1502 1568 Tam
1520 1532 1877 1568 districti‘examinis

243 1597 387 1628 terrore
402 1592 606 1635 perculsus,
623 1601 696 1624 non
719 1591 839 1624 solum
857 1592 1037 1632 quicquid
1054 1592 1099 1624 ab
1117 1591 1173 1624 eis
1197 1590 1255 1624 vel
1287 1591 1332 1623 ab
1358 1589 1443 1623 aliis
1470 1589 1699 1631 quibuslibet
1719 1599 1876 1632 usquam

244 1652 282 1683 et
298 1657 461 1690 unquam
479 1649 516 1680 in
535 1656 593 1679 me
610 1649 804 1688 peccatum
821 1648 889 1684 est,
906 1646 971 1679 sed
995 1647 1032 1679 et
1049 1646 1225 1687 quicquid
1242 1647 1280 1678 in
1297 1646 1466 1678 futurum
1495 1645 1644 1687 peccari
1660 1645 1876 1687 contigerit,

245 1707 424 1746 quantum
447 1703 485 1735 in
503 1711 562 1735 me
579 1703 646 1741 est,
665 1704 702 1735 et
719 1702 843 1734 dimisi
863 1701 1015 1742 quidem
1034 1702 1072 1734 et
1097 1701 1256 1733 dimitto.
1284 1700 1356 1733 Sed
1374 1699 1558 1733 catholice
1581 1699 1713 1742 pietati
1728 1708 1877 1741 semper

246 1760 525 1797 consonantem,
545 1757 670 1789 nonin
696 1765 868 1790 sermone
894 1755 1121 1789 adulationis
1145 1764 1265 1796 neque
1291 1756 1329 1788 in
1355 1755 1590 1787 occasionem
1607 1754 1781 1794 avaricie,
1794 1762 1875 1787 ver-

246 1815 332 1846 bum
362 1813 430 1846 Dei
456 1813 493 1844 in
527 1811 664 1854 populo
690 1812 806 1853 ipsius
838 1820 912 1844 non
944 1811 1179 1843 infructuose
1210 1819 1269 1843 me
1301 1810 1509 1843 seminasse
1533 1810 1572 1842 et
1600 1808 1808 1851 pronuncio
1837 1808 1878 1842 et

245 1869 415 1902 defendo.

594 1943 666 1978 HS.
682 1943 726 1982 Q.
744 1944 775 1976 9.
796 1942 858 1976 182
874 1943 1011 1984 (nieuw
1028 1949 1067 1975 nr
1080 1941 1123 1976 V.
1138 1942 1171 1975 6.
1190 1943 1222 1985 4)
1250 1951 1321 1975 van
1337 1941 1402 1975 het
1415 1941 1585 1974 Museum
1598 1939 1874 1973 Hunterianum

637 2000 675 2031 te
692 1998 865 2040 Glasgow
879 1998 949 2038 (12Θ
963 1999 1092 2039 eeuw),
1105 1997 1172 2030 fol.
1185 1997 1287 2030 22-24
1297 1997 1531 2030 verso.-Dit
1547 1994 1760 2038 belangrijk
1772 1994 1872 2034 stuk‚

635 2054 698 2086 dat
721 2054 801 2086 niet
824 2054 872 2094 bij
899 2052 1034 2095 Ulysse
1067 2053 1213 2085 Robert
1245 2053 1278 2084 is
1301 2051 1516 2094 afgedrukt,
1546 2050 1646 2084 dank
1670 2049 1710 2083 ik
1734 2058 1805 2082 aan
1827 2049 1873 2082 de

637 2107 912 2150 bereidwillige
924 2106 1226 2140 tusschenkomst
1246 2116 1317 2140 van
1327 2106 1431 2139 Prof.
1455 2106 1520 2139 Dr.
1538 2105 1688 2148 Young,
1706 2105 1874 2138 bestuur-

636 2164 704 2196 der
727 2171 797 2196 van
822 2162 887 2195 het
910 2162 1081 2195 Museum
1105 2162 1393 2195 Hunterianum.
1422 2179 1465 2184 —
1495 2161 1558 2194 Zie
1581 2161 1695 2202 mijne
1717 2159 1873 2193 verhan-

634 2218 764 2260 deling
779 2217 873 2251 Note
896 2216 1218 2260 complementaz‘re
1233 2226 1300 2249 sur
1323 2215 1374 2249 les
1394 2214 1608 2249 documents
1631 2213 1676 2248 de
1701 2213 1872 2257 Glasyow

637 2277 861 2306 concernant
878 2272 1058 2306 Lambere
1074 2271 1106 2305 Ze
1121 2271 1259 2314 Reque,
1278 2271 1316 2304 in
1333 2271 1379 2304 de
1402 2269 1587 2304 Bullatins
1612 2269 1658 2303 de
1687 2267 1774 2303 z’Ac.
1787 2277 1869 2311 roy.

635 2327 680 2361 de
709 2327 892 2371 Belqz‘que,
919 2327 973 2360 31¹e
988 2327 1111 2366 reeks,
1130 2326 1212 2360 deel
1228 2326 1358 2359 XXIX
1374 2325 1498 2368 (1895).

940 2486 1003 2529 14
1036 2478 1175 2542 (46⁷).

314 2625 428 2667 Vo'o'r
461 2636 514 2667 en
554 2626 614 2666 tot
654 2624 773 2673 1177,
812 2621 946 2665 Luik.
974 2620 1214 2664 Uittreksel
1247 2621 1312 2663 uit
1351 2619 1403 2662 de
1439 2618 1868 2663 dertiendeeuwsche

246 2692 421 2748 kronijk
444 2706 526 2734 van
551 2691 683 2734 Gilles
706 2690 873 2732 d'Orval
897 2689 1119 2745 (AEgidius
1141 2690 1311 2732 Aureae
1334 2688 1582 2741 Vallensis),
1608 2687 1867 2731 bevattende

249 2761 500 2803 uittreksels
524 2760 589 2803 uit
611 2760 661 2802 de
692 2759 1108 2801 twaalfdeeuwsche
1139 2758 1240 2801 Vita
1276 2756 1466 2808 odiliae,
1493 2770 1595 2799 over
1626 2756 1705 2800 den
1739 2756 1868 2799 Luik-

248 2829 380 2871 schen
404 2828 593 2884 priester
615 2827 816 2870 Lambert
839 2827 879 2869 le
902 2825 1047 2882 Begue
1064 2829 1109 2870 et
1124 2826 1236 2883 zijne
1259 2825 1516 2881 vervolging
1536 2824 1600 2868 als
1621 2823 1782 2868 ketter.
1811 2850 1866 2857 -—

247 2896 499 2951 Radulphus
523 2910 606 2938 van
630 2896 892 2950 Zahringen,
927 2895 979 2938 de
1010 2895 1271 2950 toenmalige
1302 2893 1502 2949 bisschop
1534 2907 1619 2936 van
1651 2892 1775 2944 Luik‚
1812 2906 1866 2936 en

249 2965 358 3019 ziJne
377 2963 705 3020 geestelijkheid
730 2977 878 3006 waren
901 2963 1176 3020 geldzuchtig
1197 2977 1251 3006 en
1272 2961 1518 3017 losbandig.
1553 2962 1696 3018 Tegen
1718 2961 1867 3005 hunne

2038 702 2050 717 α
2032 490 2050 690 ,τνκθνιὲἐὲ
2036 440 2047 471 0-
2044 398 2046 406 ἡ
