2050 3470
747 284 884 320 ANNO
913 286 1009 326 12:35,
1038 285 1122 319 19:38
1707 295 1752 329 49

122 397 220 440 quod
239 396 371 430 amodo
396 396 448 428 sic
467 405 538 428 non
557 398 712 438 possunt
732 395 824 429 haec
842 395 945 429 salva
974 396 1128 430 tolerari
1157 399 1384 443 concientia,
1414 403 1511 435 sicut
1536 413 1602 437 nec
1629 405 1756 448 aliqua

118 452 435 496 tergiversatione
467 451 597 491 celari,
624 452 853 484 fraternitati
882 453 967 484 tuae
1002 461 1071 494 per
1107 453 1315 495 apostolica
1354 457 1494 499 scripta
1522 460 1755 502 mandamus,

117 509 315 549 quatenus,
331 506 431 538 omni
446 514 551 538 mora
565 508 601 539 et
620 507 816 539 occasione
832 507 1078 547 cessantibus,
1097 517 1165 550 per
1181 510 1216 541 te
1235 510 1359 551 ipsum
1378 514 1415 543 ct
1432 513 1587 546 fratrem
1606 515 1754 550 Robcr-

116 566 196 596 tum
213 562 356 595 ordinis
381 562 696 603 praedicatorum,
721 563 781 595 cui
807 565 882 595 tani
901 562 1102 604 specialem
1126 565 1285 606 gratiam
1310 567 1470 600 contulit
1495 569 1689 610 Dominus,
1715 575 1756 605 ut

117 617 237 650 omnis
266 620 472 650 venenator
487 616 534 658 (1)
551 618 731 650 extimeat
759 628 874 650 cornu
905 618 998 660 ejuS,
1029 628 1070 651 ac
1100 628 1167 661 per
1194 619 1288 652 alios
1316 622 1453 654 fratres
1477 625 1756 665 praedicatores

117 675 264 706 nostros
281 674 318 704 et
347 682 415 714 per
432 671 537 711 alios,
570 673 633 713 qui
652 672 698 705 ad
726 672 797 705 hoc
822 673 948 706 idonei
965 673 1204 714 videbuntur,
1223 676 1378 709 festines
1395 679 1598 712 secundum
1617 683 1757 715 statuta

115 727 266 760 concilii
285 727 476 770 generalis
500 730 537 760 et
565 727 641 760 alia
670 729 816 762 noviter
833 731 963 762 contra
995 729 1205 763 haereticos
1225 731 1327 765 edita
1344 734 1549 774 procedere
1578 736 1614 768 in
1634 736 1757 778 Inqui-

116 783 264 816 sitionis
295 783 448 824 negotio
481 785 518 815 ct
546 783 591 815 ad
632 784 872 817 Dominicum
911 788 1102 819 certamen
1141 787 1301 829 accingi,
1342 791 1537 828 praestans
1576 791 1756 825 fratribus

117 839 333 871 memoratis
360 839 396 870 iu
421 838 552 871 eadem
578 840 843 880 prosecutione
868 839 1079 880 consilium,
1107 841 1289 874 auxilium
1309 843 1345 874 et
1367 842 1545 876 favorem.

162 894 298 927 Datum
318 893 480 932 Perusii‚
499 893 536 924 xi
550 892 732 926 kalendas
751 893 995 936 Septembris,
1015 895 1254 936 pontificatus
1270 897 1388 929 nostri
1407 906 1504 930 anno
1519 908 1628 933 nono.

466 986 611 1028 Rip011‚
630 985 862 1026 Bullarium,
881 987 963 1020 deel
983 988 1011 1027 I,
1029 988 1096 1020 blz.
1112 988 1167 1028 80,
1183 996 1221 1022 11¹·
1239 989 1312 1023 138.
1332 990 1375 1023 In
1396 990 1572 1034 CorpusI
1590 996 1691 1027 werd
1709 995 1754 1028 de

510 1041 611 1074 tckst
629 1042 739 1074 ‹tlezer
769 1041 832 1074 bul
847 1042 894 1084 bij
914 1042 1070 1086 misslag
1084 1045 1161 1077 niet
1181 1053 1433 1087 opgenomen.
1455 1065 1493 1072 —
1511 1048 1574 1082 Zie
1601 1049 1752 1093 Corpus,

505 1097 587 1130 decl
607 1097 637 1138 Ι,
657 1097 726 1130 blz.
749 1097 822 1137 100,
842 1103 929 1131 noot
945 1100 974 1131 l.
1011 1099 1109 1133 Ovcr
1125 1101 1170 1133 de
1196 1101 1416 1134 beteekenis
1447 1102 1556 1135 dezer
1586 1104 1662 1144 bul,
1693 1106 1748 1138 zie

508 1153 581 1185 ook
613 1162 703 1185 onze
739 1152 996 1187 Geschiedem's
1018 1153 1085 1187 cler
1117 1154 1306 1199 Inquisitie
1332 1158 1369 1188 ἐπ
1404 1156 1450 1191 de
1472 1157 1751 1199 Neclerlamlen,

508 1208 591 1240 deel
610 1208 639 1247 1,
661 1207 728 1240 blz.
745 1208 796 1241 48.
818 1209 1083 1251 Ongetwijt'cld
1108 1211 1209 1243 werd
1234 1220 1326 1244 ccne
1350 1211 1561 1255 dergelijke
1587 1213 1648 1246 bul
1681 1215 1754 1247 ook

508 1263 701 1306 gezonden
719 1272 789 1296 aan
813 1264 885 1297 den
903 1265 1162 1307 aartsbischop
1176 1275 1246 1298 van
1264 1266 1398 1299 Reims
1411 1276 1457 1300 en
1471 1268 1648 1301 anderen.

785 1417 854 1460 29
880 1411 1084 1476 (1061212).

178 1565 298 1611 1238,
334 1562 535 1606 Atrecht.
563 1560 804 1604 Uittreksel
827 1560 889 1604 uit
912 1561 994 1604 den
1019 1562 1338 1607 Atrechtschen
1365 1566 1626 1622 predikheer
1648 1570 1752 1614 Vin-

115 1632 284 1676 centius
308 1632 488 1675 Willart
519 1629 635 1686 (17de
668 1630 813 1686 eeuw)
845 1644 950 1673 over
972 1631 1024 1674 de
1046 1631 1338 1689 handelingen
1363 1635 1500 1692 zijner
1537 1637 1751 1682 klooster-

115 1701 321 1745 broeders
343 1701 493 1744 aldaar
513 1704 642 1756 tegen
676 1700 729 1742 de
765 1699 934 1742 ketters
972 1703 1032 1752 (0.
1069 1714 1109 1744 a.
1146 1702 1354 1758 Aegidius
1395 1706 1588 1761 Boogris)
1613 1721 1665 1750 en
1700 1708 1752 1750 de

116 1770 342 1826 instelling
363 1770 440 1813 der
471 1769 693 1824 Inquisitie
726 1769 769 1811 in
795 1768 871 1812 het
892 1769 1185 1813 Atrechtsche
1220 1772 1747 1825 predikheerenklooster.

115 1864 170 1872 -—-
190 1840 250 1897 Zij
273 1838 389 1883 bleef
403 1853 450 1882 er
469 1838 628 1882 zonder
651 1837 974 1894 onderbreking
997 1852 1078 1880 van
1110 1839 1162 1881 12
1182 1840 1223 1883 >8
1247 1844 1313 1883 tot
1337 1842 1449 1885 1560
1482 1843 1746 1890 werkzaam.

159 1948 310 1990 Voyons
328 1948 387 1989 icy
406 1957 456 1979 un
481 1945 727 1980 merveilleux
751 1948 947 1990 jugement
971 1948 1016 1980 (10
1043 1947 1151 1987 Dieu‚
1178 1950 1335 1983 executa
1366 1960 1435 1993 par
1458 1961 1506 1984 un
1537 1953 1684 1987 insense
1702 1964 1750 1987 ou

116 2004 266 2036 obsesse
283 2005 413 2036 contre
430 2012 480 2035 un
497 2002 671 2035 mechant
685 2002 882 2044 hypocrite
896 2003 1105 2044 heretique,
1126 2003 1277 2046 lorsque
1295 2005 1349 2038 les
1367 2006 1504 2041 Freres
1522 2008 1752 2042 Prescheurs

116 2059 373 2093 travailloient
389 2060 646 2092 efficacement
671 2067 760 2092 avec
776 2058 831 2091 les
859 2059 1049 2101 Evesques
1065 2059 1111 2093 de
1137 2060 1321 2102 cambray
1338 2066 1373 2094 et
1389 2061 1541 2095 ‹l’Arras
1557 2073 1653 2105 pour
1670 2064 1753 2097 leui·

116 2116 336 2149 conversion
355 2124 402 2147 ou
420 2123 516 2156 pour
531 2123 578 2147 en
602 2113 808 2146 affranchir
834 2116 871 2146 et
899 2122 1042 2155 purger
1065 2113 1242 2156 l’Eglise3
1272 2115 1294 2147 a
1321 2116 1418 2148 cette.
1437 2116 1486 2148 fin
1504 2116 1751 2158 l'inquisition

117 2172 232 2214 ayant
246 2171 327 2204 este
345 2171 522 2203 instituce
551 2172 588 2202 et
615 2169 774 2202 establie
799 2178 849 2202 en
878 2172 1005 2201 nostre
1033 2170 1201 2202 Convent
1223 2170 1269 2203 de
1303 2170 1452 2204 Bonncs
1477 2172 1678 2206 Nouvelles
1698 2174 1752 2207 lez

115 2228 232 2261 Arras
246 2226 322 2259 l'an
338 2226 433 2265 1238,
452 2225 525 2258 elle
543 2235 565 2268 y
583 2233 784 2267 persevera
800 2225 932 2267 depuis
944 2225 1092 2266 jusqu'a
1104 2225 1176 2257 l’an
1193 2225 1288 2265 1560,
1304 2226 1338 2259 10
1353 2227 1505 2260 dernier
1522 2228 1753 2270 Inquisiteur

115 2286 153 2317 et
171 2284 310 2316 Prieur
325 2283 371 2314 (le
389 2291 430 2315 ce
448 2282 616 2315 Couvcnt
632 2281 766 2323 appele
784 2281 948 2314 Thomas
965 2290 986 2313 a
999 2280 1152 2323 Capella
1165 2291 1211 2314 en
1228 2286 1337 2325 ayant
1358 2283 1423 2315 i'ait
1444 2283 1498 2315 les
1529 2285 1714 2317 fonctions
1731 2286 1752 2317 a

117 2338 317 2372 Bruxelles
331 2340 461 2370 contre
479 2347 529 2370 un
543 2338 686 2370 certain
704 2337 952 2370 Predieatcur
969 2338 1032 2378 qui
1051 2337 1209 2379 prescha
1225 2338 1270 2371 de
1284 2347 1345 2371 ces
1359 2347 1521 2372 erreurs.

466 2427 517 2460 Le
532 2426 628 2460 Bien
645 2425 831 2459 universez
854 2436 902 2459 ou
919 2424 969 2459 les
992 2424 1138 2459 abeilles
1149 2427 1349 2470 mystiqnes
1363 2425 1414 2459 du
1440 2426 1576 2460 celebre
1599 2427 1752 2461 docteur

512 2481 673 2514 Thomas
686 2480 731 2514 cle
747 2482 976 2524 Cantimpre‘,
986 2480 1031 2513 de
1044 2479 1178 2513 z'ordre
1191 2479 1255 2514 cles
1269 2481 1401 2514 Freres
1411 2482 1644 2525 ywesclzcurs,
1657 2494 1753 2516 eccs-

507 2547 576 2580 qm:
592 2542 625 2569 et
638 2535 853 2579 suffmyant
881 2535 927 2569 (Ie
957 2535 1154 2579 Cambray‚
1183 2537 1322 2569 traduit
1347 2537 1394 2570 de
1423 2536 1516 2570 latin
1546 2548 1613 2579 pai·
1639 2539 1685 2572 R.
1707 2539 1750 2572 P.

511 2592 628 2625 Frere
644 2592 804 2625 vincent
817 2591 971 2626 XVillart
987 2592 1140 2627 d'Arras
1157 2594 1195 2625 et
1219 2592 1264 2625 de
1282 2601 1421 2624 mesmc
1440 2593 1562 2631 ordre,
1595 2594 1661 2627 blz.
1688 2594 1752 2628 358

511 2646 678 2689 (Brussel
706 2648 816 2687 1650).
836 2667 873 2672 —
895 2647 993 2681 Ovcr
1019 2648 1090 2680 deu
1115 2647 1508 2681 zestiendecuwsclieu
1528 2649 1753 2690 inquisiteur

516 2703 681 2736 Thomas
710 2712 731 2735 a
760 2701 924 2745 Capella,
950 2703 1004 2735 zie
1043 2703 1078 2734 in
1109 2703 1222 2743 mijne
1258 2701 1435 2735 Trai-aua:
1463 2701 1512 2734 <lu
1538 2713 1647 2735 cours
1663 2713 1752 2747 pra-

511 2759 611 2801 tiquc
633 2757 774 2800 (Luik),
798 2757 833 2789 *2⁰
849 2757 945 2797 deel,
965 2757 1154 2795 iilam-95,
1175 2757 1220 2789 (10
1249 2757 1524 2801 verbandeling
1558 2768 1626 2791 vau
1654 2759 1750 2801 Eug.

511 2813 699 2847 Monseur.

164 2988 214 3031 (1)
238 2989 294 3031 Bij
312 2988 441 3031 Ripoll
466 2989 560 3022 leest
577 3000 662 3023 men
680 2989 957 3030 vcrkeerdclijk
971 2994 1136 3022 venator.

1666 3054 1686 3086 4
