2050 3470
826 265 963 300 ANNO
991 265 1074 300 1349
1703 272 1761 305 111

527 374 625 409 Over
649 375 719 409 den
736 374 1148 418 kronijkschrijver,zie
1163 376 1209 410 H.
1223 376 1401 419 Pirennc,
1418 378 1466 412 Le
1478 379 1608 414 Mais&
1619 380 1768 424 (Gilles)

528 439 577 463 ou
592 430 639 464 Li
661 429 792 464 Muisis
804 430 842 462 in
867 431 913 463 dc
942 429 1170 474 Bioyraphie
1183 432 1384 473 nationale,
1402 433 1484 467 dee}
1506 434 1576 475 XI,
1599 435 1665 469 blz.
1684 437 1765 470 789-

527 485 592 519 806
608 485 733 527 (1891).

789 585 855 628 62
895 581 1095 641 (194121—3.

196 700 316 747 1349,
352 694 556 752 Bruyye.
586 696 842 751 Reglement
878 695 954 738 der
996 696 1266 746 GecselaarS.
1294 712 1376 740 aan
1419 699 1447 742 't
1493 700 1762 744 Doorniksch

131 764 314 821 kapittel
337 763 442 807 door
459 764 511 807 de
531 765 754 820 Brugsche
786 765 1041 808 Geeselaars
1073 765 1312 821 gezonden.
1335 794 1387 802 —
1407 768 1464 810 De
1499 770 1556 810 35
1577 770 1762 812 artikels

133 835 307 892 regelen
338 833 390 876 de
424 833 773 891 verplichtingen
808 834 886 877 der
915 833 1170 877 Geeselaars
1204 848 1310 877 voor
1341 835 1393 878 de
1427 836 1485 880 33
1518 835 1570 895 'se
1604 837 1763 893 dagen,

133 901 208 947 dat
229 902 280 946 de
299 900 616 958 broederschap
639 902 704 945 zal
728 902 882 947 duren.

176 977 255 1012 Ista
269 977 404 1021 regula
419 976 728 1021 FlageIlatorum,
746 987 858 1020 quam
875 977 1149 1021 Flagellatores
1166 978 1211 1012 de
1229 979 1368 1022 Brugis
1393 980 1578 1014 miserunt
1595 981 1762 1024 capitulo

133 1031 379 1073 Tornacensi‚
398 1032 486 1066 sede
502 1034 658 1066 vacante
676 1043 683 1065 :

178 1087 305 1120 Primo
319 1087 446 1121 debita
461 1088 499 1121 et
512 1087 609 1121 male
623 1088 808 1130 acquisita.
823 1088 986 1121 restitui.

177 1141 273 1176 Item
285 1143 448 1185 petenda
464 1143 522 1176 est
537 1142 692 1177 licentia
708 1143 754 1176 ab
771 1143 967 1176 uxoribus.
1409 1178 1416 1185 ‚

176 1196 273 1231 Item
289 1196 450 1240 quilibet
464 1198 576 1231 debet
591 1198 763 1231 confiteri
780 1199 910 1231 curato
927 1201 964 1231 et
981 1198 1151 1240 recipere
1168 1198 1366 1233 licenciam
1383 1201 1428 1233 ab
1447 1200 1542 1242 ipso.

172 1251 269 1286 Item
285 1253 456 1295 recipere
480 1261 633 1286 crucem
651 1254 696 1286 ab
718 1262 777 1286 eo,

174 1306 285 1348 Item,
299 1310 453 1350 recepta
464 1317 588 1348 cruce,
607 1317 681 1341 non
695 1308 832 1342 debent
849 1309 980 1350 petere
998 1308 1237 1342 elemosinas.

177 1362 274 1396 Item
290 1362 451 1405 quilibet
466 1363 629 1397 famulus
645 1363 755 1397 debet
770 1363 940 1405 recipere
957 1363 1155 1397 licenciam
1172 1373 1194 1397 a
1210 1365 1392 1408 magistro
1409 1375 1489 1398 suo.

177 1417 274 1452 Item
287 1418 424 1452 debent
441 1418 581 1452 habere
599 1420 761 1460 quatuor
778 1421 944 1452 rectores
961 1428 1026 1452 seu
1044 1420 1260 1462 magistros.

179 1473 275 1507 Item
291 1473 430 1507 debent
446 1473 557 1507 simul
575 1474 719 1507 intrare
736 1473 920 1507 civitates.

179 1527 289 1569 Item,
307 1530 457 1571 quando
485 1529 625 1563 habent
652 1528 797 1571 aliquas
828 1538 959 1563 causas
990 1538 1055 1563 seu
1088 1530 1307 1570 discordias,
1325 1532 1505 1572 conqueri
1538 1531 1676 1565 debent
1693 1541 1760 1565 suo

135 1583 332 1626 magistro.

183 1638 280 1673 Item
296 1639 405 1672 ibunt
420 1640 514 1683 bini,
531 1640 610 1673 bini
624 1641 661 1674 et
674 1639 764 1674 bini.

179 1693 276 1727 Item
291 1693 418 1728 nullus
434 1695 601 1737 portabit
619 1704 736 1728 arma.

178 1750 270 1784 Item
282 1750 425 1784 dabunt
441 1749 665 1784 elemosinas
682 1750 830 1783 clericis
847 1750 1076 1792 pauperibus
1089 1751 1127 1783 in
1145 1752 1318 1784 omnibus
1333 1750 1438 1784 locis.

179 1805 276 1839 Item
290 1815 365 1839 non
382 1804 585 1848 loquentur
601 1815 686 1839 cum
706 1805 946 1839 mulieribus.

179 1860 276 1895 Item
291 1861 432 1904 poterit
447 1861 574 1895 senior
590 1860 694 1903 loqui
711 1860 936 1903 hospitissae
953 1859 1011 1893 vel
1029 1862 1111 1904 ejus
1127 1861 1240 1895 filiae.

178 1915 274 1950 Item
287 1915 381 1950 nihil
399 1918 555 1959 possunt
571 1916 742 1959 recipere
759 1925 781 1949 a
803 1915 1047 1950 mulieribus.

179 1970 276 2005 Item
293 1971 331 2004 in
349 1980 478 2004 mensa
491 1970 616 2004 nullus
630 1971 798 2013 loquitur
812 1974 966 2014 praeter
978 1972 1180 2006 seniorem.

178 2025 288 2067 Item,
299 2026 446 2068 quando
464 2027 572 2060 ibunt
583 2027 629 2060 ad
643 2036 735 2069 opus
749 2028 919 2070 naturae,
936 2027 1124 2070 deponent
1137 2029 1258 2061 vestes
1274 2029 1312 2061 et
1328 2026 1460 2070 pelles,
1474 2028 1610 2069 quibus
1632 2037 1762 2061 cruces

137 2083 223 2115 sunt
240 2082 387 2115 affixae.

179 2136 276 2171 Item
289 2146 363 2170 non
379 2136 575 2170 intrabunt
591 2137 637 2171 ad
653 2137 818 2180 hospitia
829 2138 957 2171 invitis
974 2137 1198 2181 hospitibus.

179 2191 276 2231 Item
293 2191 418 2226 nullus
432 2192 578 2226 sedebit
593 2193 631 2225 in
646 2201 774 2226 mensa
789 2193 869 2226 sine
884 2193 990 2234 jussu
1006 2193 1180 2236 hospitis.

178 2247 275 2281 Item
288 2247 415 2281 nullus
430 2248 589 2290 recipiet
601 2257 736 2289 aquam
752 2247 811 2282 vel
827 2249 1108 2291 manutergium
1126 2249 1197 2282 nisi
1211 2248 1257 2282 de
1274 2250 1388 2282 terra.

177 2302 274 2336 Item
291 2305 377 2337 ante
394 2303 663 2336 comestionem
687 2303 846 2345 quilibet
872 2303 972 2337 dicet
999 2304 1163 2345 quinque
1191 2303 1307 2338 Pater
1330 2302 1464 2338 Noster
1480 2305 1518 2337 et
1533 2304 1610 2337 Ave
1637 2303 1761 2338 Maria

136 2357 244 2392 flexis
262 2358 422 2402 genibus
439 2360 477 2391 et
493 2360 549 2391 tot
566 2361 664 2401 post.

178 2412 276 2447 Item
291 2413 454 2448 rebelles
467 2414 605 2447 debent
620 2414 762 2456 privari
779 2423 890 2448 cruce
907 2416 945 2449 et
957 2414 1091 2456 repelli
1109 2424 1131 2448 a
1147 2415 1340 2448 societate.

178 2467 270 2502 Item
283 2468 320 2501 in
334 2477 443 2502 mane
457 2468 582 2502 dicent
599 2469 764 2510 quinque
780 2468 897 2503 Pater
922 2468 1057 2504 Noster
1080 2470 1118 2502 in
1136 2470 1238 2502 exitu
1263 2469 1424 2512 hospicii
1441 2479 1509 2512 pro
1538 2469 1762 2512 hospitibus.

175 2521 272 2557 Item
303 2522 463 2566 quilibet
488 2523 589 2557 dicet
620 2523 736 2558 Pater
751 2523 885 2559 Noster
923 2528 960 2558 et
998 2526 1073 2559 Ave
1104 2524 1229 2558 Maria
1268 2525 1484 2566 quindecim
1519 2527 1606 2557 ante
1649 2533 1762 2566 quam

131 2578 284 2619 intrent,
298 2587 366 2622 per
378 2579 476 2612 viam
493 2587 560 2621 pro
579 2579 882 2614 benefactoribus
899 2580 988 2613 suis.

173 2632 282 2673 Item,
299 2633 448 2675 quando
481 2633 617 2676 aliquis
649 2635 829 2668 invitatur
859 2634 906 2668 ad
932 2635 1143 2677 prandium,
1174 2644 1247 2667 non
1272 2634 1383 2668 ducet
1409 2643 1537 2668 secum
1555 2634 1626 2667 nisi
1644 2644 1755 2676 quem

135 2689 298 2723 voluerit
315 2699 404 2723 suus
421 2691 608 2732 superior.

173 2743 272 2778 Item
289 2743 416 2778 nullus
428 2744 568 2786 jacebit
584 2753 698 2787 super
713 2743 879 2787 plumam
897 2745 969 2778 nisi
984 2747 1108 2788 caput.

171 2798 267 2833 Item
289 2809 363 2832 non
381 2801 536 2833 utantur
552 2800 809 2833 straminibus.

174 2853 270 2888 Item
291 2864 364 2887 non
380 2854 518 2889 debent
534 2854 674 2889 habere
690 2864 804 2898 super
821 2864 860 2889 se
877 2858 1019 2889 vestem
1035 2855 1171 2896 albam,
1187 2864 1261 2897 qua
1285 2857 1443 2889 utuntur
1469 2856 1506 2889 in
1532 2857 1763 2898 penitencia.

152 2910 159 2916 '
177 2908 273 2943 Item
289 2910 458 2943 infirmos
471 2920 558 2943 suos
586 2920 659 2944 non
677 2910 815 2944 debent
829 2911 1021 2945 dimittere
1035 2912 1072 2943 in
1090 2910 1218 2953 aliqua
1244 2910 1334 2944 villa
1351 2920 1420 2953 per
1432 2920 1543 2953 quam
1560 2912 1681 2952 ibunt,
1700 2913 1764 2946 sed

140 2973 268 2999 secum
283 2965 433 2999 ducere.

184 3019 280 3054 Item
297 3019 421 3055 nullus
435 3020 643 3065 flagellabit
658 3030 697 3056 se
714 3020 761 3055 ad
773 3023 934 3055 mortem
946 3021 1004 3056 vel
1022 3022 1294 3056 infirmitatem.
