2050 3470
289 287 354 321 226
977 286 1115 321 ANNO
1141 287 1225 320 1419

682 396 762 430 XV.
778 405 844 430 aus
861 396 946 430 dem
964 396 1120 430 Kloster
1142 397 1402 437 Korsendonc.
1421 397 1564 432 welche
1588 398 1702 431 unter
1718 397 1841 432 vielen
1858 399 1924 432 auf

682 452 786 485 diese
814 451 1102 495 Streitigkeiten
1133 452 1381 496 beziiglichen
1399 452 1590 487 Schriften
1607 453 1673 487 fol.
1703 453 1746 487 35
1772 454 1849 487 und
1879 453 1922 487 36

680 506 795 596 3311&
797 507 871 596 ldie,
882 506 1164 552 Verdammung
1190 508 1266 542 und
1296 508 1369 542 den
1385 508 1583 544 Widerruf
1599 509 1664 543 des
1681 507 1732 543 M.
1762 508 1923 544 Grabow

951 676 1047 724 137
1074 671 1244 738 (254⁷).

347 808 468 861 1419,
495 804 597 850 korc
626 819 689 850 na
720 805 817 851 Mei
848 809 916 860 31,
958 804 1199 851 Constanz.
1227 807 1503 865 Herroeping
1523 821 1608 852 van
1633 806 1718 851 den
1741 806 1919 865 predik-

286 877 394 921 heer
410 876 662 920 Matthaeus
679 876 885 921 Grabow.
906 901 964 910 -
986 877 1046 919 De
1068 876 1377 920 veroordeelde
1408 877 1587 920 monnik
1621 876 1846 921 verklaart
1876 877 1919 920 al

286 946 337 988 de
357 944 611 989 kettersche
634 944 884 1002 dwalingen
919 944 967 988 af
993 947 1037 989 te
1083 960 1274 998 zweren,
1316 945 1383 989 die
1415 945 1681 990 voorkomen
1715 946 1759 989 in
1804 945 1918 1003 ziJne

284 1013 606 1071 verbandeling
639 1028 693 1057 en
730 1014 773 1058 in
797 1015 912 1071 ziJne
957 1015 1010 1057 17
1047 1015 1298 1072 stellingen.
1341 1015 1412 1073 Hij
1436 1015 1719 1072 onderwerpt
1754 1014 1850 1058 zich
1873 1014 1918 1058 in

281 1084 367 1127 alle
390 1083 696 1140 geloofszaken
719 1097 802 1127 aan
825 1083 878 1127 de
909 1084 1033 1128 Kerk
1055 1099 1108 1127 en
1131 1085 1320 1141 getuigt,
1347 1084 1421 1129 dat
1443 1085 1502 1143 hij
1529 1084 1633 1128 deze
1666 1084 1781 1142 zijne
1814 1084 1916 1128 her-

283 1153 466 1211 roeping
497 1152 618 1196 heeft
640 1152 864 1209 afgelezen
898 1167 954 1196 en
986 1154 1279 1210 eigenhandig
1318 1154 1660 1205 onderteekend,
1699 1154 1743 1197 in
1767 1156 1920 1211 tegen-

282 1221 584 1279 woordigheid
607 1235 694 1266 van
727 1222 810 1265 den
843 1221 1069 1266 kardinaal
1103 1237 1187 1266 van
1210 1222 1428 1281 Aquileia,
1455 1224 1520 1267 als
1552 1222 1732 1267 rechter
1752 1222 1798 1266 in
1831 1222 1919 1280 ziJn

282 1291 591 1349 kettergeding
619 1291 890 1348 aangesteld,
913 1306 967 1335 en
990 1306 1075 1336 van
1099 1306 1218 1336 meer
1238 1292 1400 1336 andere
1422 1293 1639 1350 prelaten,
1665 1291 1919 1349 godgeleer-

280 1361 362 1404 den
387 1375 439 1404 en
464 1364 690 1413 meesters‚
717 1360 785 1404 die
807 1360 985 1404 daartoe
1006 1362 1258 1419 opzettelijk
1277 1375 1430 1405 waren
1453 1361 1716 1419 vergaderd.
1743 1361 1813 1419 Hij
1833 1360 1915 1404 ook

280 1430 396 1486 geeft
413 1444 619 1487 aanvang
642 1444 694 1473 en
719 1430 803 1473 slot
824 1429 960 1487 zijner
981 1431 1292 1475 veroordeelde
1317 1431 1637 1488 verhandeling
1662 1444 1734 1487 op.

323 1515 517 1550 Revocatio
535 1519 567 1549 et
580 1514 763 1549 abiuratio
773 1514 1031 1559 predictorum
1045 1515 1293 1550 articulorum
1316 1521 1351 1550 et
1368 1515 1665 1550 conclusionum.

323 1571 404 1614 Ego
422 1572 541 1604 frater
569 1570 742 1604 Matheus
771 1571 934 1611 Grabon‚
961 1572 1103 1604 ordinis
1127 1573 1289 1605 fratrum
1313 1573 1596 1614 predicatorum
1621 1571 1814 1614 professus
1831 1579 1916 1604 con·

278 1629 415 1660 uentus
423 1626 730 1668 Wysmariensis,
745 1626 1071 1669 Merseburgensis
1086 1627 1257 1667 diocesis,
1272 1628 1470 1669 prouincie
1488 1627 1663 1667 Saxonie‚
1684 1635 1916 1670 cognoscens

278 1691 406 1715 veram
438 1681 662 1714 catholicam
697 1683 735 1714 et
766 1680 1011 1723 apostolicam
1043 1683 1185 1722 sedem,
1218 1682 1494 1716 anathematiso
1523 1683 1562 1716 et
1596 1682 1728 1715 abiuro
1765 1690 1914 1715 omnem

277 1737 442 1770 heresim
467 1746 691 1778 omnemque
708 1735 842 1769 falsam
859 1738 897 1770 et
914 1746 1113 1770 erroneam
1138 1738 1349 1771 doctrinam
1373 1738 1413 1770 in
1430 1738 1593 1779 quodam
1616 1746 1700 1770 meo
1719 1735 1913 1780 opusculo,

279 1792 480 1826 tractatulo
509 1801 575 1825 seu
607 1791 751 1832 libello,
781 1792 999 1834 (incipiente
1018 1802 1026 1825 z
1057 1793 1233 1835 Suppono
1250 1802 1310 1826 me
1325 1793 1461 1835 primo,
1480 1793 1579 1834 quod
1593 1802 1669 1826 non
1686 1792 1842 1826 intendo
1858 1791 1916 1825 in-

278 1848 479 1890 frascripta
496 1856 617 1888 neque
635 1846 917 1889 quomodolibet
930 1847 1003 1880 alia
1017 1848 1264 1889 pertinaciter
1280 1849 1498 1889 defendere²
1510 1849 1597 1889 etc.‚
1616 1848 1654 1881 et
1667 1847 1721 1880 sic
1738 1847 1912 1880 finiente:
1957 1875 1959 1877 .

279 1903 327 1936 Et
357 1903 471 1936 aliam
499 1903 691 1945 specificat
724 1903 747 1936 J
752 1902 919 1936 ohannes
950 1904 1115 1943 Andree,
1142 1904 1246 1936 cuius
1281 1904 1514 1937 inuentrices
1550 1912 1615 1936 seu
1647 1902 1914 1945 assumptrices

278 1959 548 1991 conscientiam
561 1960 756 2000 peccatum
773 1958 1011 2001 reputabant,
1022 1960 1062 1991 ut
1086 1959 1278 1991 inuenitur
1294 1959 1333 1991 in
1348 1958 1422 2001 glo.
1433 1959 1629 2000 utriusque
1642 1967 1756 2000 super
1771 1958 1914 1990 dictum

277 2013 483 2055 capitulum
498 2024 507 2055 ς
523 2015 559 2046 et
572 2023 642 2055 per
653 2013 724 2046 hoc
737 2014 842 2055 patet
855 2014 1050 2055 responsio
1065 2014 1111 2047 ad
1125 2014 1326 2056 decimum)
1339 2014 1502 2047 maxime
1516 2014 1562 2047 ad
1574 2014 1705 2047 decem
1718 2014 1756 2046 et
1769 2013 1913 2056 septem

277 2068 536 2101 conclusiones
550 2078 749 2110 peruersas
763 2069 843 2102 siue
857 2069 1100 2110 assertiones,
1110 2078 1269 2110 quarum
1281 2068 1354 2102 alie
1369 2070 1456 2102 sunt
1467 2069 1650 2111 heretice,
1665 2067 1738 2102 alie
1751 2076 1912 2102 erronee

277 2125 316 2157 ct
332 2124 404 2157 alie
422 2123 640 2157 scandalose
664 2126 701 2156 et
717 2124 866 2166 piarum
883 2124 1031 2157 aurium
1048 2124 1243 2165 offensiue,
1261 2133 1330 2166 per
1346 2134 1405 2158 me
1423 2125 1543 2158 editas
1562 2125 1600 2157 et
1616 2124 1856 2157 manutentas
1871 2123 1911 2156 in

279 2180 377 2212 dicto
392 2188 571 2221 peruerso
590 2178 769 2221 opusculo
788 2180 867 2212 siue
885 2178 1086 2212 tractatulo
1112 2181 1176 2212 aut
1192 2179 1321 2213 libello
1340 2181 1548 2220 contentas,
1566 2179 1611 2212 de
1628 2188 1702 2220 qua
1713 2177 1913 2222 (doctrina)

277 2234 459 2267 hactenus
482 2235 698 2274 infamatus,
728 2235 923 2267 conuictus
950 2236 993 2267 eti
1004 2234 1282 2268 sententialiter
1300 2235 1570 2268 condemnatus
1586 2243 1681 2267 sum.
1709 2233 1910 2267 Consentio

277 2292 404 2323 sancte
422 2290 594 2323 Romane
623 2289 781 2323 ecclesie
810 2290 847 2322 et
875 2289 1080 2332 apostolice
1111 2290 1204 2330 sedi,
1223 2299 1266 2323 ac
1297 2290 1410 2323 corde
1440 2290 1478 2323 et
1505 2298 1570 2322 ore
1595 2289 1701 2331 puris
1728 2288 1911 2330 profiteor

277 2346 408 2379 eadem
427 2345 539 2378 fidem
557 2347 595 2378 et
618 2345 828 2378 doctrinam
846 2354 905 2378 me
933 2346 1064 2378 tenere
1092 2346 1130 2378 et
1153 2345 1321 2387 credere,
1340 2354 1451 2386 quam
1468 2347 1598 2378 sancta
1612 2344 1734 2377 mater
1751 2343 1911 2377 ecclesia

276 2401 433 2433 tradidit
465 2402 503 2433 et
530 2400 696 2433 firmauit
721 2401 852 2442 jurans
879 2409 948 2442 per
977 2402 1144 2433 sanctam
1171 2400 1380 2433 trinitatem
1410 2401 1448 2433 et
1473 2409 1542 2442 per
1569 2399 1639 2433 hec
1671 2399 1911 2432 sacrosancta

277 2456 416 2489 Christi
434 2455 635 2498 euangelia
652 2465 715 2489 eos
732 2456 795 2497 qui
814 2455 909 2488 hanc
927 2457 1059 2488 contra
1082 2456 1195 2488 fidem
1213 2455 1462 2488 orthodoxam
1476 2455 1631 2488 veniunt
1655 2462 1740 2487 cum
1756 2454 1909 2497 dogma-

275 2512 376 2544 tibus
404 2511 494 2551 suiS‚
513 2513 643 2544 eterno
662 2510 901 2544 anathemate
919 2511 1052 2553 dignos
1081 2519 1174 2543 esse.
1200 2511 1386 2543 Promitto
1415 2510 1540 2550 etiam,
1560 2510 1671 2551 quod,
1691 2509 1722 2542 si
1740 2517 1811 2552 ego
1827 2508 1909 2550 ipse

277 2567 478 2609 aliquando
512 2568 644 2600 contra
674 2566 744 2599 hec
775 2565 917 2607 aliquid
949 2566 1104 2607 sentire,
1138 2566 1274 2599 docere
1306 2566 1372 2599 aut
1393 2565 1600 2608 predicare
1626 2572 1906 2607 presumpsero‚

277 2632 462 2655 canonum
479 2622 675 2655 seueritati
691 2631 751 2655 me
768 2622 960 2654 submitto.

320 2678 495 2711 Presenti
523 2677 750 2710 abiurationi
774 2686 842 2719 per
865 2686 924 2710 me
943 2677 1039 2710 lecte
1063 2678 1101 2710 et
1118 2675 1284 2718 perlecte
1308 2685 1421 2709 manu
1445 2675 1600 2718 propria
1615 2683 1675 2708 me
1702 2673 1907 2717 subscripsi

278 2732 447 2774 hancque
465 2742 587 2766 meam
614 2733 889 2765 confessionem
917 2734 956 2765 et
982 2732 1258 2765 abiurationem
1286 2740 1414 2765 coram
1437 2732 1562 2764 vestra
1588 2730 1907 2764 reuerendissima

276 2789 517 2831 paternitate,
536 2788 686 2821 domine
714 2787 916 2821 cardinalis
932 2787 1209 2830 Aquilegensis,
1238 2787 1351 2820 iudex
1378 2787 1417 2820 et
1441 2785 1710 2826 commissarie,
1728 2794 1905 2819 reueren-

276 2844 408 2886 disque
425 2843 607 2886 patribuS,
625 2843 798 2883 dominis,
816 2842 985 2885 prelatis,
1004 2843 1219 2875 doctoribus
1243 2843 1282 2876 et
1304 2841 1495 2885 magistris
1518 2840 1580 2873 hic
1603 2840 1841 2884 presentibus
1858 2839 1906 2873 ad

276 2899 347 2932 hoc
364 2899 578 2941 specialiter
591 2899 730 2931 vocatis
744 2900 781 2932 et
793 2899 997 2940 requisitis,
1012 2898 1084 2932 feci
1098 2899 1136 2932 et
1149 2898 1355 2941 approbaui
1369 2897 1415 2931 ad
1432 2897 1599 2931 futuram
1611 2896 1668 2930 rei
1681 2895 1904 2930 memoriam

275 2954 314 2988 in
332 2955 587 2989 testimonium
604 2954 884 2996 premissorum.

621 3018 657 3052 J,
677 3018 723 3051 de
750 3017 906 3059 Gerson,
928 3016 1058 3062 Opera,
1084 3016 1168 3053 decl
1186 3016 1217 3060 Ι,
1241 3017 1310 3052 blz.
1328 3016 1369 3050 21
1389 3015 1421 3051 Y
1447 3023 1553 3051 verso
1569 3015 1592 3050 2
1608 3023 1656 3051 en
1671 3014 1740 3059 223
1757 3013 1832 3049 ook
1850 3011 1902 3057 bij
