2050 3470
297 291 360 324 176
916 285 1054 322 ANNO
1080 284 1176 326 1397,
1195 282 1279 319 1398

302 399 408 434 modo
433 396 580 432 viuendi
613 395 799 440 inquirere
827 398 863 431 et
893 394 1084 439 disponere
1106 393 1200 430 sicut
1222 397 1257 430 et
1280 394 1324 429 de
1346 393 1419 428 illis
1435 392 1658 434 criminibus,
1683 391 1813 436 quibus
1835 389 1927 428 citra

300 453 453 488 heresim
487 463 549 486 seu
580 462 652 486 non
691 451 729 486 in
776 450 894 485 heresi
933 449 1159 493 delinquitur
1194 452 1268 484 tam
1307 459 1352 483 ex
1376 451 1476 492 parte
1513 448 1710 490 ordinaria,
1744 449 1847 483 extra
1881 447 1926 482 de

299 506 424 542 officiis
454 517 510 541 or.
537 518 568 540 c.
599 509 627 549 j.
652 519 660 549 ;
703 508 816 540 extra.
846 504 890 539 de
917 503 1086 539 hereticis
1117 504 1489 538 Excommum‘camus
1511 503 1530 547 ξ
1554 502 1787 546 Addit-imus,
1817 513 1926 547 quam

300 573 342 596 ex
365 560 615 596 commissione
640 560 836 604 apostolica
862 559 1024 594 noscitur
1044 559 1225 602 pertinere
1251 570 1315 602 per
1343 561 1638 603 extrauagantem
1666 559 1724 594 Ex
1747 559 1924 592 iniuncto.

303 618 435 657 Quare,
454 615 522 649 nisi
540 626 690 659 persone
717 615 782 649 sub
820 615 959 659 prefato
988 613 1094 648 modo
1121 613 1284 649 viuentes
1310 613 1400 648 alias
1423 614 1466 649 de
1496 614 1613 649 heresi
1643 613 1715 649 sint
1744 612 1927 648 diffamate

297 672 355 705 uel
386 673 548 714 suspecte
568 673 632 705 aut
671 669 916 705 hereticorum
949 669 1149 709 eredentes,
1168 672 1419 713 receptatores,
1453 669 1610 704 fautores
1639 668 1696 703 vel
1711 668 1927 708 defensores,

299 738 370 761 non
409 728 524 769 potest
548 736 613 760 nec
657 725 763 760 debet
795 736 839 759 ex
873 736 937 759 suo
961 724 1079 759 officio
1109 724 1293 767 inquirere
1319 724 1516 769 jnquisitor
1541 723 1698 759 heretice
1724 722 1928 767 prauitatis,

299 781 368 815 nisi
386 780 454 815 hoc
471 780 602 815 habeat
625 791 668 815 ex
702 779 849 823 speciali
873 779 1149 822 commissione3
1184 779 1280 823 quod
1306 779 1335 813 si
1364 779 1408 814 de
1438 780 1545 822 facto,
1563 790 1645 813 cum
1672 778 1716 813 de
1741 779 1826 823 Jure
1855 787 1928 812 non

298 839 425 880 potest,
461 838 588 870 contra
617 846 677 870 eos
719 835 896 879 procedit,
928 835 1053 878 utique
1076 835 1165 869 fines
1195 846 1258 869 sue
1287 834 1482 878 potestatis,
1512 846 1580 877 que
1617 836 1669 869 est
1691 833 1856 877 delegata
1884 832 1929 867 de

297 890 468 926 hereticis
498 902 529 924 c.
563 890 638 924 Per
673 889 740 924 hoc
772 891 810 924 in
837 889 1028 933 principio,
1055 889 1092 924 li.
1118 891 1183 933 vj0.
1210 889 1274 924 ubi
1301 889 1352 924 ita
1377 892 1478 924 notat
1507 888 1672 924 Archidi.
1696 898 1804 932 super
1818 887 1928 922 verbo

297 945 499 990 Deleqatur
514 947 551 980 et
568 944 663 980 idem
681 945 701 980 J
705 956 737 979 o.
757 946 829 979 An.
848 944 887 979 in
903 945 1068 979 Excedit.
1096 945 1289 989 Delegatus
1306 947 1438 985 autem,
1456 944 1518 988 qui
1535 945 1623 979 fines
1645 942 1807 978 mandati
1821 952 1926 977 exce-

296 1000 363 1041 dit,
380 1011 445 1034 nec
461 999 569 1034 aliter
589 999 676 1034 facit
699 1002 762 1034 aut
787 999 962 1043 procedit,
988 999 1103 1034 nichil
1133 999 1210 1043 agit
1232 1011 1298 1034 nec
1319 1000 1397 1034 eius
1412 1010 1596 1044 processus
1622 1001 1733 1040 tenet,
1760 999 1802 1032 ut
1827 998 1929 1032 notat
2000 1018 2003 1021 -

298 1055 400 1089 Inno.
419 1055 462 1089 de
486 1054 558 1089 offi.
576 1054 692 1098 deleg.
711 1065 818 1098 super
834 1066 864 1089 c.
886 1055 980 1088 Cum
997 1054 1087 1088 olim
1103 1057 1138 1089 et
1155 1054 1362 1089 Bernardus
1377 1053 1416 1088 in
1440 1053 1598 1098 capitulo
1616 1053 1743 1089 ultimo
1765 1052 1809 1086 de
1824 1052 1926 1096 preb.

298 1110 336 1144 in
354 1110 426 1154 glo.
447 1111 470 1152 ij
485 1111 521 1143 et
533 1108 644 1143 Arch.
662 1109 706 1144 de
723 1110 826 1153 preb.
852 1109 946 1142 Cum
961 1112 1001 1142 in
1018 1109 1104 1142 illis
1120 1114 1289 1143 contra...
1308 1120 1416 1153 super
1430 1110 1539 1144 verbo
1555 1109 1790 1149 Immo-ionis,
1807 1107 1847 1142 li.
1863 1111 1928 1151 vj0.

340 1165 386 1199 Et
409 1164 495 1208 quia
519 1163 610 1198 mihi
633 1164 812 1205 Arnoldo,
838 1164 960 1199 abbati
992 1165 1030 1198 in
1058 1164 1334 1208 Dyckeninghe,
1359 1163 1444 1199 licet
1463 1163 1645 1199 immerito
1667 1163 1763 1198 inter
1777 1162 1932 1197 decreto-

297 1231 379 1255 rum
395 1219 611 1262 professores
633 1218 798 1259 minimo,
818 1219 994 1263 premissa
1012 1219 1135 1254 omnia
1151 1222 1187 1254 et
1199 1219 1334 1253 similia
1348 1230 1431 1254 vere
1443 1222 1479 1254 et
1494 1218 1532 1253 in
1548 1219 1649 1253 nullo
1665 1217 1807 1262 penitus
1819 1216 1930 1252 dubia

297 1275 466 1309 videntur
481 1273 541 1308 uel
554 1274 742 1317 ambigua,
761 1274 862 1309 saluo
875 1278 996 1309 tamen
1009 1285 1149 1318 semper
1160 1274 1199 1308 in
1213 1274 1379 1309 omnibus
1390 1274 1532 1318 judicio
1547 1273 1677 1308 melius
1692 1271 1926 1317 sapiencium,

298 1329 435 1365 idcirco
452 1329 490 1363 in
502 1328 652 1373 signum
670 1332 706 1364 et
722 1329 972 1365 testimonium
999 1329 1273 1374 protestacionis
1296 1341 1374 1365 mee
1392 1329 1553 1374 sigillum
1569 1340 1689 1364 meum
1705 1327 1930 1372 presentibus

298 1387 351 1420 est
368 1395 579 1428 appensum.

342 1441 474 1474 Datum
500 1450 594 1474 anno
616 1438 761 1473 Domini
781 1446 834 1473 111ο
851 1445 930 1474 ccc⁰
951 1447 1054 1474 :mccco
1070 1442 1194 1483 xcvijo,
1208 1441 1251 1485 jn
1267 1439 1396 1484 vigilia
1418 1438 1620 1475 natiuitatis
1631 1437 1824 1474 dominice.

342 1497 400 1537 (Et
415 1496 469 1531 sic
485 1500 538 1531 est
557 1496 654 1530 finis.
675 1496 747 1530 Ora
773 1495 898 1539 legens
915 1504 982 1538 pro
1005 1495 1180 1539 scriptore
1203 1498 1350 1539 propter
1364 1496 1492 1530 Deum.
1505 1513 1542 1519 -
1564 1494 1718 1538 Propter
1733 1494 1860 1534 Deum,
1884 1492 1924 1526 tu

299 1550 361 1595 qui
378 1551 523 1586 studens
547 1550 652 1595 legis,
679 1561 743 1585 ora
770 1560 836 1593 pro
863 1548 1049 1593 scriptore,
1082 1552 1120 1585 ut
1145 1550 1333 1594 posthanc
1363 1550 1546 1585 miseriam
1570 1560 1643 1584 una
1665 1553 1785 1584 tecum
1810 1547 1928 1582 valeat

301 1606 414 1641 vitam
431 1606 624 1650 possidere.
644 1605 785 1648 Amen.)

652 1681 890 1724 KoninkliJke
923 1681 1153 1716 Bibliotheek
1182 1684 1218 1717 te
1250 1682 1276 1716 's
1301 1680 1549 1725 Gravenhage,
1579 1680 1651 1716 HS.
1680 1680 1727 1715 X.
1754 1678 1814 1711 101
1844 1677 1928 1722 (Th.

691 1737 768 1780 355)
784 1750 790 1771 ;
819 1738 963 1782 Scripta
985 1737 1175 1772 doctorum
1192 1736 1237 1772 de
1253 1737 1613 1781 conyreyaciom'bus,
1627 1737 1689 1772 fol.
1705 1735 1824 1770 86-91.

967 1888 1056 1931 113
1087 1881 1256 1946 (242⁷).

367 2018 493 2070 1398,
517 2015 712 2060 Bisdom
752 2014 945 2059 Utrechl.
981 2013 1311 2070 Samenvatting
1333 2027 1416 2057 van
1441 2013 1517 2056 het
1549 2012 1728 2069 gunstig
1759 2011 1931 2056 oordeel

300 2099 386 2129 van
427 2086 578 2141 eenige
621 2083 974 2129 Nederlandsche
1012 2097 1064 2126 en
1103 2083 1264 2126 andere
1301 2082 1617 2139 godgeleerden
1650 2082 1728 2124 der
1763 2084 1932 2137 geeste-

300 2154 403 2212 lijke
445 2154 666 2210 provincie
704 2153 875 2197 Keulen
914 2165 1018 2195 over
1056 2152 1108 2194 de
1149 2151 1482 2208 onberispelijke
1534 2150 1809 2207 levenswijze
1855 2149 1932 2192 der

301 2224 564 2279 Beggarden
588 2237 640 2266 en
666 2223 743 2265 der
765 2221 975 2265 Broeders
1000 2234 1054 2263 en
1078 2221 1254 2264 Zusters
1280 2234 1361 2263 van
1382 2221 1457 2264 het
1481 2233 1687 2276 gemeene
1709 2219 1853 2264 leven.
1872 2243 1931 2252 —

303 2291 377 2334 Die
421 2291 740 2348 godgeleerden
781 2291 866 2347 zijn
894 2304 902 2333 :
929 2291 1120 2333 Herman
1159 2289 1227 2345 (of
1257 2290 1361 2343 Jan)
1396 2288 1746 2345 Stakelwegghe‚
1787 2287 1935 2344 proost

305 2361 382 2403 der
415 2360 456 2403 S²
482 2360 711 2404 Joriskerk
748 2363 793 2404 te
830 2359 1015 2413 Keulen,
1051 2360 1134 2402 Jan
1173 2359 1224 2401 de
1261 2359 1383 2403 Novo
1419 2358 1594 2414 Lapide,
1630 2355 1854 2400 kanunnik
1890 2358 1934 2400 te

306 2429 456 2481 Aken,
488 2431 570 2473 Jan
595 2429 757 2486 gezegd
779 2430 885 2481 Bau,
912 2428 1151 2472 scholaster
1171 2441 1256 2471 van
1279 2427 1520 2478 Mechelen‚
1548 2426 1727 2478 Arnold‚
1754 2424 1827 2469 abt
1849 2438 1934 2468 van

306 2499 574 2555 Dikningen‚
616 2498 836 2542 Geeraard
873 2511 956 2540 van
994 2497 1248 2553 Griiningen
1282 2496 1346 2552 (of
1377 2496 1690 2552 Groeninghe),
1732 2495 1815 2538 Jan
1849 2506 1935 2536 van

307 2567 560 2612 Vortborch
590 2568 651 2626 (of
669 2565 974 2624 Wercborch),
1002 2566 1255 2622 Radulphus
1287 2566 1338 2609 de
1370 2565 1496 2617 Rivo,
1534 2564 1674 2608 deken
1707 2576 1791 2607 van
1824 2563 1935 2605 Ton-

309 2650 465 2692 geren,
504 2651 558 2680 en
591 2637 783 2680 Tielman
815 2635 979 2679 Eckart
1013 2648 1098 2678 van
1131 2634 1393 2678 Attendorn.
1434 2634 1536 2678 Zich
1568 2647 1621 2689 op
1651 2633 1826 2677 teksten
1858 2631 1936 2674 der

308 2706 363 2748 H.
418 2705 594 2758 Schrift,
636 2706 714 2749 der
750 2718 914 2762 pausen
946 2718 1000 2747 en
1038 2704 1113 2747 der
1134 2703 1374 2760 kerkelijke
1406 2703 1609 2747 doctoren
1647 2700 1931 2758 beroepende,

310 2773 482 2818 keuren
516 2775 567 2832 zij
602 2774 653 2818 de
685 2774 978 2829 handelingen
1010 2786 1062 2815 en
1093 2773 1390 2829 reglementen
1424 2772 1500 2814 der
1528 2770 1934 2826 Broederschappen

309 2857 393 2888 van
416 2845 492 2888 het
513 2857 718 2900 gemeene
740 2843 866 2886 leven
888 2841 1136 2897 volmondig
1157 2841 1282 2898 goed.

364 2929 561 2972 Sequentes
598 2926 826 2970 quaestiones
854 2937 936 2961 cum
968 2925 1042 2960 suis
1068 2925 1307 2961 solutionibus
1328 2935 1437 2970 super
1459 2935 1555 2966 casu,
1584 2923 1646 2968 qui
1670 2922 1842 2967 sequitur,
1859 2923 1943 2957 sunt

319 2984 485 3028 scriptae
508 2985 544 3019 et
566 2983 741 3019 formatae
772 2993 837 3026 pro
866 2981 1068 3017 munimine
1092 2981 1378 3026 Beghardorum,
1406 2992 1450 3017 ex
1471 2977 1831 3017 determinationibus
1844 2977 1941 3013 infra
