2050 3470
771 240 910 276 ANNO
938 240 1025 274 1423
1655 242 1721 275 249

71 351 141 385 tibi
166 351 375 394 condignas
403 350 551 394 agimus
569 359 638 393 pro
662 359 754 384 eura
770 350 810 384 et
837 358 953 392 opere
977 351 1042 383 tuo
1071 350 1286 394 gratiarum
1312 352 1507 394 actionos;
1540 360 1721 395 rogamus

69 407 198 441 autem
215 408 256 440 ut
272 405 365 449 vigil
383 407 498 448 atque
525 407 694 440 intentus
722 406 863 439 existas
887 405 933 438 ad
958 406 1236 448 perquirendas
1263 410 1301 440 et
1317 407 1560 450 extirpandas
1586 407 1721 441 talium

71 462 252 496 arborum
276 471 352 495 non
376 461 499 494 solum
523 463 670 495 fructus
695 461 897 504 malignos,
923 462 1118 495 sedetiam
1146 463 1307 503 radices,
1326 473 1372 496 ne
1390 472 1458 505 per
1474 464 1660 497 incuriam
1678 473 1722 497 ae

71 517 348 560 negligentiam
361 516 553 559 pullulare
570 517 717 559 possint
730 518 795 550 aut
811 516 964 559 longius
982 526 1137 559 serpere
1157 529 1166 560 3
1196 519 1295 559 quod
1313 520 1465 560 quidem
1494 518 1635 561 duplici
1661 519 1722 552 via

70 573 215 615 poteris
229 573 424 614 consequi,
449 573 614 614 primum
632 573 862 615 corrigendo
882 574 995 613 atque
1022 574 1252 615 amputando
1284 574 1404 607 malos
1428 584 1567 615 ramos,
1586 575 1723 609 deinde

68 628 272 662 inserendo
298 629 439 669 bonos3
466 629 551 670 plus
583 630 641 661 est
665 629 768 661 enim
800 628 897 661 bene
929 629 1134 662 aedificare
1161 639 1273 670 quam
1297 630 1481 663 demolire
1506 631 1722 663 aediticium

70 684 226 724 malum,
245 693 368 726 neque
383 684 474 717 satis
491 686 549 717 est
564 684 759 725 improbos
773 684 984 726 corrigere,
1004 685 1077 716 nisi
1102 684 1197 717 alios
1221 685 1360 727 probos
1386 695 1535 727 quoque
1555 686 1722 720 instruas

71 740 186 773 verbo
201 740 240 773 et
253 748 381 781 opere,
402 748 471 772 nee
489 740 543 772 eis
556 739 623 772 des
642 748 793 772 causam
810 739 1059 782 malignandi.
1078 739 1226 781 Itaque,
1253 741 1376 773 frater
1400 740 1636 781 charissime,
1654 750 1722 783 per

69 795 217 828 viscera
230 804 329 828 nune
343 795 436 828 Jesu
454 794 594 827 Christi
612 796 648 827 te
663 794 778 827 etiam
795 796 909 836 atque
928 795 1042 827 etiam
1057 794 1317 837 exhortamur,
1331 798 1373 828 ut
1385 795 1529 828 clerum
1543 797 1650 829 tuum
1669 797 1724 829 ita

69 850 413 891 instruas,moneas
428 851 466 883 et
479 850 663 893 corrigas,
675 851 715 882 ut
732 859 807 882 non
825 850 917 883 dent
930 851 1157 883 adversariis
1174 851 1298 884 locum
1311 850 1563 884 maledicendi
1579 862 1587 892 3
1606 852 1722 893 tuque

71 905 288 948 exemplum
316 906 433 948 prebe
469 906 524 938 eis
564 907 602 938 et
638 905 741 938 omni
770 905 911 947 populo
941 906 1038 939 bene
1065 908 1247 948 recteque
1279 907 1430 940 vivendi
1458 908 1509 947 et,
1539 908 1722 948 quantum

71 961 238 995 humana
270 961 461 1004 fragilitas
496 961 653 1003 patitur,
694 962 731 994 te
756 961 881 1002 ipsum
909 971 1093 1003 compone
1118 962 1166 995 ad
1196 963 1340 996 rectam
1363 962 1492 1004 vitam,
1522 963 1564 995 ut
1588 972 1724 996 norma

71 1026 220 1051 morum
244 1018 284 1051 et
314 1016 538 1058 disciplinae
564 1025 585 1050 a
616 1018 653 1049 te
678 1018 829 1058 sumpta
852 1016 993 1058 reliqui
1011 1026 1162 1058 quoque
1187 1018 1225 1050 in
1254 1018 1324 1050 viis
1350 1018 1516 1059 Domini,
1549 1019 1587 1051 te
1612 1018 1721 1059 duce,

72 1073 220 1106 discant
235 1072 455 1113 ambulare;
478 1081 565 1105 nam
589 1072 760 1104 virorum
777 1071 1124 1105 ecclesiasticorum
1141 1073 1282 1106 delicta
1305 1073 1526 1106 audaciores
1558 1074 1724 1107 reddunt

71 1128 141 1162 hos
157 1128 286 1162 devios
303 1137 325 1161 a
337 1128 413 1161 fide
426 1128 473 1160 ad
487 1127 770 1169 obloquendum
788 1128 834 1160 de
851 1127 954 1160 clero
975 1139 983 1169 ;
1009 1137 1119 1169 quae,
1146 1129 1177 1161 si
1195 1129 1323 1162 debito
1341 1129 1453 1161 modo
1471 1129 1724 1162 emendentur

71 1185 111 1218 et
126 1193 147 1218 e
160 1183 284 1217 medio
299 1183 497 1224 tollantur,
515 1184 554 1216 et
567 1183 857 1216 confirmabitur
870 1183 1033 1225 populus
1059 1185 1103 1217 ad
1123 1185 1219 1217 bene
1237 1184 1468 1226 loquendum
1497 1186 1536 1217 et
1560 1185 1723 1218 sentien-

71 1240 161 1272 dum
173 1240 220 1272 de
232 1239 351 1279 vobis,
361 1239 497 1272 deinde
513 1239 768 1280 promptiores
786 1247 850 1271 eos
864 1238 1031 1271 reddetis
1045 1239 1091 1271 ad
1106 1240 1360 1273 resistendum
1374 1241 1412 1273 et
1425 1241 1722 1283 oppugnandum

71 1294 140 1328 hos
163 1294 321 1330 fallaces
344 1303 528 1328 novarum
553 1293 755 1327 haeresum
780 1294 1102 1334 disseminatores,
1128 1296 1167 1327 et
1190 1295 1305 1328 etiam
1323 1296 1565 1338 corrigendO,
1583 1295 1615 1328 si
1633 1296 1722 1337 quid

71 1352 130 1385 est
145 1351 246 1393 quod
259 1351 384 1383 minus
408 1351 513 1383 reete
531 1350 610 1390 fiat,
626 1358 722 1391 quae
739 1348 861 1382 multa
874 1358 956 1382 esse
975 1350 1167 1390 dicuntur,
1188 1352 1329 1384 caeteri
1347 1360 1496 1392 quoque
1513 1351 1722 1385 incitabun-

70 1409 134 1440 tur
147 1407 323 1449 exemplo
341 1407 466 1440 vestro
485 1407 532 1439 ad
549 1406 799 1448 corrigendos
816 1414 942 1438 mores
959 1415 1046 1438 suos
1064 1407 1102 1438 et
1118 1407 1245 1439 vitam.
1274 1406 1354 1445 Quo
1372 1407 1537 1439 maxime
1554 1408 1665 1439 modo
1684 1409 1723 1441 et

73 1462 300 1505 dignitatem
324 1461 508 1494 eeclesiae
526 1461 640 1501 atque
669 1460 936 1493 auctoritatem
962 1459 1234 1492 conservabit-is
1251 1460 1290 1492 et
1314 1459 1484 1491 caeteros
1502 1460 1583 1492 tum
1607 1460 1722 1492 corri-

73 1518 198 1562 gendo
216 1517 296 1550 tum
314 1516 551 1550 emendando
566 1517 647 1548 tum
671 1516 861 1548 monendo
891 1515 1032 1557 optime
1050 1515 1097 1548 de
1121 1515 1196 1548 fide
1225 1515 1263 1548 et
1285 1514 1392 1546 vobis
1421 1514 1657 1556 compelletis
1682 1525 1726 1548 ao

72 1575 210 1617 stirpes
228 1583 359 1607 omnes
376 1573 594 1612 haeresum,
614 1581 712 1613 quae
728 1571 975 1613 praecipuam
993 1571 1232 1604 occasionem
1249 1579 1297 1603 ex
1312 1570 1419 1602 viciis
1436 1569 1664 1603 clericorum
1681 1570 1726 1604 de

72 1640 166 1674 agro
176 1629 328 1664 Domini
341 1628 566 1671 extirpando
580 1628 719 1661 bonam
731 1628 884 1670 frugem
898 1636 1027 1661 serere
1040 1627 1185 1670 poteris
1209 1628 1247 1660 et
1259 1626 1465 1669 plurimum
1478 1627 1724 1660 fructuosam.

115 1686 268 1726 Datum,
285 1685 357 1719 ete.

421 1759 580 1794 Archief
604 1769 674 1792 van
688 1758 754 1792 het
780 1758 969 1792 Vatikaan
997 1758 1124 1801 (Aroh.
1141 1759 1276 1792 secret.
1295 1758 1409 1800 Vat.),
1423 1759 1527 1791 Arm.
1543 1758 1724 1799 XXXIX,

466 1816 591 1848 tomus
625 1815 668 1855 V,
694 1823 783 1856 pars
807 1813 860 1854 222,
890 1813 957 1847 fol.
990 1813 1033 1847 26
1058 1823 1167 1847 verso
1192 1832 1235 1838 —
1256 1813 1300 1845 27
1323 1823 1456 1853 verso3
1493 1812 1726 1855 vergeleken

466 1872 544 1904 met
559 1871 659 1913 Reg.
677 1869 755 1911 359,
774 1869 841 1902 fol.
874 1870 934 1903 15b
954 1869 996 1902 16
1014 1880 1022 1911 ;
1057 1870 1140 1912 (cfr.
1167 1869 1266 1912 Reg.
1301 1869 1378 1909 359,
1406 1869 1567 1902 f01.190b
1587 1869 1669 1902 191b
1688 1870 1699 1911 )
1717 1880 1725 1911 3

468 1925 621 1959 ontloed
652 1925 702 1967 bij
732 1925 910 1966 Cauchie,
939 1925 1108 1966 Mission,
1134 1925 1206 1959 blz.
1232 1925 1309 1964 318,
1330 1924 1420 1966 3193
1445 1924 1652 1967 afgedrukt
1676 1925 1724 1967 bij

474 1983 524 2015 H.
549 1982 631 2014 Van
650 1982 809 2023 Houtte,
828 1981 974 2014 Lettres
990 1979 1036 2014 de
1059 1980 1204 2015 Illartz'n
1244 1980 1277 2014 V
1304 1984 1532 2014 concernant
1565 1979 1731 2014 Z’hcfre'sie

471 2036 612 2070 huss-ite
629 2035 728 2070 dans
756 2035 808 2070 les
828 2036 1047 2081 Pam-Bas,
1080 2037 1120 2069 in
1153 2037 1199 2070 de
1229 2035 1425 2070 Analectes
1449 2045 1552 2080 pom·
1573 2037 1731 2069 servir&

470 2091 648 2126 Z’histoz're
672 2091 945 2136 ecclesiastiqzce
961 2091 1008 2125 de
1032 2091 1070 2126 Za
1097 2091 1289 2137 Belqz'que,
1324 2091 1381 2123 2d0
1408 2092 1534 2133 reekS,
1563 2091 1648 2125 deel
1680 2092 1728 2132 X,

471 2148 542 2182 blz.
579 2148 690 2182 14-16
714 2147 842 2191 (1896).
872 2168 915 2172 —
939 2149 1043 2182 Naar
1067 2148 1142 2182 alle
1181 2147 1571 2189 waarschijnlijkheid
1610 2146 1642 2179 is
1682 2146 1729 2179 de

470 2205 658 2247 gestrafte
697 2203 837 2244 ketter,
875 2213 979 2237 waar
1018 2205 1064 2237 de
1092 2214 1186 2246 paus
1218 2213 1290 2236 van
1325 2204 1514 2246 gewaagt,
1550 2202 1727 2235 niemand

469 2260 608 2293 anders
641 2260 716 2292 dan
741 2259 850 2293 Gillis
875 2259 1073 2299 Mersault,
1101 2260 1162 2292 die
1187 2269 1233 2301 op
1259 2258 1302 2292 22
1327 2258 1512 2292 50111423
1542 2258 1579 2290 te
1605 2258 1727 2290 Door-

474 2315 541 2348 nik
558 2325 605 2357 op
623 2316 669 2349 de
684 2316 825 2348 Groote
842 2315 971 2348 Markt
996 2315 1199 2357 bepredikt
1230 2315 1335 2348 werd
1365 2315 1404 2347 in
1429 2314 1474 2347 de
1489 2315 1726 2356 tegenwoor-

474 2369 631 2413 digheid
647 2380 718 2403 van
744 2369 817 2403 den
842 2369 1018 2412 bissehop
1050 2379 1121 2403 van
1153 2370 1340 2410 Doornik,
1357 2378 1429 2402 van
1461 2372 1558 2402 twee
1587 2369 1728 2401 andere

470 2425 725 2467 bissehoppen
740 2425 781 2457 in
802 2424 977 2468 partibus
1001 2434 1048 2458 en
1067 2434 1138 2458 van
1164 2425 1245 2458 drie
1270 2425 1397 2465 ahten,
1424 2433 1471 2458 en
1502 2423 1727 2466 vervolgens

469 2480 743 2523 overgeleverd
768 2480 874 2513 werd
890 2489 961 2513 aan
987 2481 1059 2513 den
1085 2481 1324 2523 magistraat,
1344 2480 1404 2514 die
1433 2479 1520 2513 hem
1545 2489 1623 2522 nog
1639 2479 1726 2512 den-

474 2536 624 2570 zelfden
642 2537 717 2579 dag
739 2536 779 2568 in
797 2545 891 2569 eene
915 2536 1036 2569 weide
1061 2536 1254 2579 openbaar
1277 2535 1347 2569 liet
1375 2536 1626 2570 verbranden.
1646 2535 1723 2576 (Zie

477 2591 620 2635 Corpus
633 2591 664 2632 Ι,
679 2597 719 2624 nr
732 2590 811 2634 266,
826 2591 899 2624 blz.
916 2590 1008 2634 304.)

759 2743 858 2788 145
894 2737 1068 2801 (266⁴).

143 2883 264 2931 1423,
286 2892 350 2924 ηα
371 2878 472 2922 Juli
488 2884 557 2931 22,
581 2879 738 2923 Rome.
764 2880 907 2922 Breve
931 2891 1015 2921 van
1039 2877 1256 2920 Martinus
1280 2877 1338 2930 V,
1364 2877 1535 2934 ger-ioht
1557 2879 1624 2920 tot
1642 2876 1726 2920 den

81 2951 223 2996 deken
245 2965 299 2995 en
318 2953 394 2996 het
415 2951 602 3010 kapittel
624 2951 702 2996 der
723 2951 967 2997 hoofdkerk
1007 2963 1093 2995 van
1125 2949 1334 3007 Doornik‚
1371 2963 1440 2993 om
1472 2950 1558 2993 hen
1591 2949 1724 3011 geluk
