2050 3470
230 274 295 308 298
937 267 1074 301 ANNO
1100 266 1185 299 1517

231 384 411 417 aduersus
439 388 695 422 quoscumque
722 379 769 412 de
797 378 897 411 dicto
915 377 1054 411 clerico
1072 386 1112 410 se
1135 377 1234 419 juste
1251 377 1433 418 conqueri
1449 377 1619 411 volentes
1636 377 1683 410 de
1700 377 1740 410 et
1756 386 1871 420 super

228 437 422 479 quibusuis
439 436 672 474 criminibus,
691 434 907 468 excessibus
931 433 971 466 et
994 432 1142 466 delictis
1167 431 1291 466 eidem
1318 432 1456 465 clerico
1475 432 1706 474 prisionario
1732 434 1862 466 nostro

231 492 417 535 impositis
449 500 515 524 seu
539 490 807 532 jmponendis3

275 548 482 588 Fueritque
510 547 642 588 vigore
670 546 709 578 et
735 545 913 586 pretextu
942 543 1104 577 aliarum
1129 545 1344 577 nostrarum
1369 542 1584 577 litterarum
1609 543 1872 577 citatoriarum

231 605 269 637 ct
294 602 605 645 J‘nhibitoriarum
640 600 713 642 hijs
742 608 976 633 annexarum
1011 599 1195 641 predictis
1227 599 1390 631 dominis
1427 600 1630 641 prepositis
1659 600 1698 632 et
1734 599 1872 641 Juratis

230 659 435 701 jiihibitum
463 657 531 689 sub
549 666 647 698 pena
664 655 1067 689 excommunicationis
1085 655 1263 695 omnique
1289 654 1364 688 alia
1388 664 1486 696 pena
1502 655 1684 687 canonica
1708 664 1751 687 ac
1774 663 1874 697 pena

232 716 383 748 centum
406 712 645 746 marcharam
669 712 734 753 finj
769 711 933 754 argenti,
961 710 992 742 si
1020 711 1326 743 contrafacerent
1353 710 1664 752 applicandarum
1681 711 1719 743 et
1733 711 1774 752 jn
1790 710 1873 752 pios

231 780 320 803 usus
349 768 640 812 erogandarum,
667 777 714 800 ne
739 767 800 800 die
831 766 1036 805 citationis,
1062 765 1277 798 huiusmodi
1299 765 1541 807 J'nhibitione,
1566 765 1648 806 lite,
1676 774 1790 798 causa
1805 774 1873 799 seu

231 834 411 868 processu
429 833 557 857 coram
574 823 683 855 nobis
708 822 959 864 pendentibus
984 821 1175 861 indecisis,
1201 821 1345 862 aliquid
1373 821 1506 854 contra
1533 820 1675 853 dictum
1691 820 1873 854 clericum

229 880 499 923 prisionarium
517 880 689 912 nostrum
705 878 786 911 siue
800 878 900 910 bona
912 886 979 910 sua
994 877 1415 919 jnnouent,imn1utent‚
1431 877 1670 918 attemptent‚
1689 876 1871 918 statuant,

228 936 411 978 judicent,
437 935 644 968 decernant
670 934 711 976 jn
736 933 914 974 aliquoue
948 932 1159 975 procedant
1187 941 1253 965 seu
1278 931 1476 974 quitquam
1504 932 1607 964 aliud
1634 931 1778 965 faciant
1808 933 1874 965 aut

229 991 312 1025 fieri
330 991 548 1033 procurent,
568 990 667 1031 quod
698 989 748 1021 sit
771 989 837 1022 aut
861 997 943 1021 esse
967 987 1088 1030 possit
1105 988 1146 1029 jn
1171 988 1301 1020 nostre
1317 987 1593 1029 Jurisdictionis
1617 987 1873 1021 ecclesiastice

228 1046 481 1089 preiudicium
497 1045 768 1088 priuilegiique
793 1043 982 1077 clericalis
1017 1042 1268 1085 vilipendium
1303 1043 1342 1076 et
1369 1042 1460 1075 dicti
1496 1041 1627 1076 clerici
1654 1043 1872 1085 dampnum,

227 1102 409 1145 jniuriam
437 1110 504 1134 seu
528 1109 752 1144 grauanem,
776 1100 891 1142 prout
916 1099 957 1141 jn
983 1098 1067 1140 alijS
1103 1098 1244 1131 nostris
1279 1097 1420 1132 litteris
1452 1097 1525 1140 hijs
1564 1098 1723 1132 annexis
1760 1097 1873 1132 latius

229 1158 469 1200 continetur3
795 1148 797 1150 ³

273 1214 322 1247 Et
345 1213 502 1255 posthac
519 1212 611 1245 dicti
627 1211 812 1254 prepositi
836 1211 876 1244 et
901 1210 1019 1253 jurati
1044 1211 1177 1243 contra
1201 1210 1392 1252 prefatum
1419 1209 1646 1252 magistrum
1673 1209 1874 1252 Jasparem

229 1278 356 1302 coram
373 1268 481 1301 nobis
494 1269 535 1310 jn
547 1267 688 1310 Judicio
706 1267 746 1300 in
762 1267 869 1300 curia
893 1266 1126 1300 Tornacensi
1144 1266 1441 1307 comparuerunt
1458 1265 1723 1307 actionemque
1740 1270 1874 1298 contra

230 1325 391 1358 eundem
407 1324 648 1366 jntentarunt
664 1322 913 1364 libellumque
938 1322 1120 1356 aduersus
1146 1321 1308 1354 eundem
1337 1320 1518 1354 clericum
1546 1329 1674 1353 coram
1701 1320 1810 1353 nobis
1833 1321 1873 1354 in

229 1380 380 1422 scriptis
398 1379 600 1413 ediderunt
616 1379 655 1412 et
670 1379 925 1421 porrexerunt
942 1387 951 1419 ς
981 1386 1096 1419 super
1112 1386 1185 1418 quo
1202 1385 1272 1418 per
1288 1379 1324 1410 et
1339 1376 1441 1409 inter
1455 1376 1583 1418 partes
1600 1376 1809 1409 antedictas
1826 1376 1874 1410 ad

231 1437 336 1469 actus
360 1434 559 1478 perplures
576 1435 759 1476 J‘uridicos
777 1442 905 1467 coram
922 1433 1030 1466 nobis
1047 1433 1121 1465 fuit
1134 1434 1173 1466 et
1185 1433 1242 1465 est
1255 1440 1474 1474 processum
1492 1432 1530 1465 et
1546 1441 1661 1473 super
1676 1431 1873 1474 premissis

230 1492 331 1525 inter
347 1491 466 1523 dictas
483 1491 611 1532 partes
635 1490 682 1523 lis
698 1489 925 1532 pependerit
941 1489 980 1522 et
1003 1488 1168 1531 pendeat
1183 1487 1365 1528 indecise‚
1393 1487 1538 1529 liteque
1562 1487 1752 1529 pendente
1774 1487 1877 1521 inter

228 1548 369 1590 partes,
389 1545 442 1579 nil
460 1545 596 1579 debeat
610 1545 788 1587 jnnouari
812 1544 871 1578 vel
900 1544 1147 1586 attemptari3
1178 1542 1449 1576 nichilominus
1472 1543 1601 1576 tamen
1628 1543 1769 1585 prefati
1793 1551 1875 1585 pre-

228 1602 342 1645 positi
374 1602 412 1634 et
441 1601 560 1643 J'urati
588 1601 635 1634 ad
665 1600 900 1633 sentenciam
917 1600 1051 1632 contra
1065 1600 1192 1641 jpsum
1208 1598 1391 1632 clericum
1406 1598 1680 1640 prisionarium
1703 1599 1875 1631 nostrum

227 1658 434 1700 procedere
450 1656 765 1699 presumpserint,
791 1657 917 1698 J'psum
942 1654 1124 1688 clericum
1143 1655 1189 1687 ad
1214 1654 1383 1697 viagium
1411 1654 1552 1696 dominj
1579 1654 1684 1696 Petrj
1713 1654 1754 1696 jn
1778 1654 1873 1687 urbe

227 1712 537 1755 condempnando
555 1721 598 1745 ac
615 1714 725 1745 extra
740 1711 839 1744 hanc
856 1711 1051 1744 ciuitatem
1068 1709 1349 1743 Tornacensem
1362 1709 1589 1749 banniendo,
1602 1709 1644 1751 jn
1661 1710 1700 1742 et
1714 1717 1783 1752 per
1798 1709 1872 1742 hoc

227 1769 360 1802 contra
383 1768 595 1810 predictam
609 1766 879 1809 J‘nhibitionem
904 1767 1074 1799 nostram
1090 1765 1306 1807 dictamque
1330 1764 1438 1798 litem
1469 1765 1698 1807 pendentem
1724 1765 1870 1798 temere

227 1824 413 1858 veniendo
431 1824 469 1857 et
485 1822 743 1864 attemptando
759 1832 802 1855 ac
818 1831 956 1864 penam
973 1821 1376 1855 excommunicationis
1401 1820 1570 1862 aliasque
1586 1829 1703 1862 penas
1714 1820 1810 1862 juris
1826 1829 1870 1853 ac

226 1889 364 1922 penam
380 1880 533 1913 centum
549 1877 791 1911 marcharum
804 1878 868 1920 finj
885 1877 1037 1921 argenti
1053 1876 1331 1919 suprascriptas
1346 1876 1589 1918 jncurrentes
1606 1877 1645 1910 et
1659 1875 1871 1918 ¹incidentes

225 1935 307 1978 ipso
324 1936 424 1968 facto
441 1945 449 1976 ς

273 1991 459 2030 Quocirca
471 1990 577 2023 vobis
603 1991 641 2023 et
663 1990 832 2024 vestrum
849 1989 1009 2023 cuilibet
1024 1989 1261 2028 mandamus,
1288 1988 1473 2029 quatenus
1491 1987 1714 2021 accedentes
1730 1986 1872 2027 statim,

226 2046 315 2079 visis
342 2045 598 2089 presentibus,
627 2045 692 2078 ubi
717 2046 875 2087 propter
898 2043 971 2077 hoc
998 2044 1117 2078 fuerit
1143 2043 1411 2083 accedendum,
1442 2042 1567 2076 citetis
1599 2051 1665 2076 seu
1705 2042 1873 2075 vestrum

228 2102 325 2135 alter
341 2101 434 2135 citet
449 2100 708 2143 peremptorie
725 2100 889 2133 Tornaci
903 2109 1032 2133 coram
1049 2099 1158 2132 nobis
1175 2099 1222 2132 ad
1239 2098 1438 2131 sabbatum
1454 2098 1603 2140 precise
1619 2098 1707 2131 ante
1731 2098 1872 2131 festum

228 2157 329 2191 beati
357 2157 511 2198 Martinj
537 2155 713 2189 hiemalis
741 2157 911 2198 prefatos
936 2155 1108 2188 dominos
1132 2154 1345 2197 prepositos
1371 2154 1408 2187 et
1434 2154 1582 2196 juratos
1598 2153 1711 2186 huius
1726 2152 1816 2187 ville
1833 2154 1873 2186 et

228 2212 394 2246 ciuitatis
423 2211 674 2245 Tornacensis
706 2212 840 2244 contra
862 2212 1122 2254 promotorem
1154 2218 1354 2243 causarum
1382 2209 1493 2251 officij
1521 2209 1640 2242 nostri
1663 2218 1730 2242 seu
1765 2209 1871 2242 curie

228 2267 480 2302 Tornacensis
498 2267 652 2300 nomine
668 2268 706 2300 et
723 2267 769 2300 ad
786 2276 938 2300 causam
952 2266 1121 2300 eiusdem
1139 2266 1186 2299 ad
1203 2265 1406 2298 videndum
1419 2266 1458 2298 et
1475 2264 1705 2298 audiendum
1720 2273 1790 2306 per
1802 2274 1871 2297 nos

228 2324 379 2365 decernj
399 2324 438 2356 et
450 2322 638 2356 declarari
655 2323 759 2365 J'psos
774 2322 988 2364 prepositos
1006 2322 1044 2355 et
1066 2322 1212 2363 juratos
1228 2320 1440 2363 predictam
1457 2330 1594 2362 penam
1610 2320 1872 2353 excommuni-

229 2379 389 2412 cationis
421 2378 592 2420 aliasque
622 2387 741 2420 penas
775 2377 871 2420 juris
907 2387 950 2411 ac
981 2386 1119 2419 penam
1150 2378 1303 2410 centum
1338 2376 1580 2409 marcharum
1617 2376 1682 2417 finj
1720 2374 1872 2418 argenti

229 2434 464 2477 supradictas
488 2434 646 2476 propter
669 2434 855 2476 premissa
880 2433 1105 2475 attemptata
1132 2433 1216 2475 jpso
1234 2433 1334 2465 facto
1351 2432 1559 2474 J'ncurrisse
1576 2431 1614 2464 et
1628 2430 1808 2473 jncidisse
1831 2430 1871 2463 in

229 2490 380 2523 easdem
412 2494 450 2523 et
474 2490 820 2523 excommunicatos
837 2490 934 2529 fore,
953 2488 1123 2530 alioquin
1153 2488 1354 2521 dicendum
1379 2488 1418 2521 et
1433 2487 1722 2529 proponendum
1739 2495 1870 2519 causas

229 2547 267 2579 et
283 2545 451 2578 rationes
477 2554 595 2586 quare
612 2546 651 2578 et
682 2545 840 2588 propter
856 2554 949 2586 quas
965 2544 1151 2587 premissa
1174 2552 1244 2586 per
1271 2553 1340 2576 nos
1364 2542 1518 2576 decerni
1535 2542 1573 2576 et
1589 2541 1777 2575 declarari
1793 2551 1868 2575 non

228 2601 403 2642 debeant,
423 2601 454 2634 si
483 2610 575 2642 quas
602 2601 730 2634 dicere
754 2602 819 2634 aut
842 2608 1056 2643 proponere
1081 2599 1295 2641 voluerint3
1323 2598 1560 2640 ulteriusque
1587 2597 1803 2631 faciendum
1831 2598 1870 2630 et

228 2656 509 2699 procedendum
527 2666 572 2689 ac
599 2656 684 2690 fieri
712 2657 750 2690 et
763 2656 920 2699 procedi
936 2655 1139 2689 videndum
1171 2664 1285 2697 super
1308 2653 1503 2697 premissis
1531 2654 1569 2686 et
1593 2653 1635 2695 J'n
1663 2651 1734 2686 hac
1760 2653 1870 2695 parte

228 2713 342 2754 prout
363 2712 459 2754 J‘uris
476 2711 568 2744 ordo
594 2712 798 2745 dictauerit
815 2712 853 2745 et
879 2711 1055 2751 rationis,
1072 2720 1157 2744 cum
1180 2709 1450 2752 jnthimatione
1467 2709 1595 2742 debita
1611 2709 1650 2741 et
1677 2708 1869 2749 consueta,

230 2767 337 2800 nobis
355 2767 444 2808 quid
459 2767 550 2809 jnde
564 2768 705 2800 factum
722 2767 840 2801 fuerit
853 2768 891 2800 et
904 2766 1088 2808 feceritis,
1106 2765 1272 2799 fideliter
1289 2766 1327 2799 et
1343 2764 1487 2807 liquide
1503 2763 1769 2797 rescribentes.

274 2822 412 2855 Datum
429 2830 526 2855 anno
546 2822 698 2856 Domini
723 2822 925 2856 millesimo
944 2821 1250 2865 quingentesimo
1275 2821 1421 2854 decimo
1440 2819 1615 2862 septime,
1633 2819 1732 2852 feria
1750 2819 1871 2853 tercia

228 2878 313 2918 post
339 2878 478 2910 festum
504 2877 680 2911 Omnium
706 2878 942 2912 Sanctorum.
972 2877 1030 2911 Sic
1056 2878 1271 2920 siynatum:
1310 2875 1564 2918 Therdegem‚
1605 2878 1639 2907 et
1663 2872 1869 2917 siyillatum

225 2931 343 2974 siyillo
368 2941 483 2965 cereo.

267 2986 427 3020 Collatio
452 2988 554 3021 facta
570 2989 628 3022 est
652 2997 738 3022 cum
765 2987 948 3033 originali
976 2988 1016 3022 et
1039 2987 1245 3021 concordat
1258 2995 1330 3030 per
1352 2994 1413 3020 me
1428 2985 1616 3020 Jacobum
1640 2985 1687 3020 de
1704 2983 1863 3020 Palude.

225 3042 285 3077 Ja.
311 3041 469 3079 Palude.
