2050 3470
253 297 297 329 96
834 297 971 332 ANNO
996 297 1092 338 1343,
1118 297 1305 331 1349-1350

260 408 369 445 statu,
396 407 433 438 in
448 415 520 447 quo
546 407 633 439 ante
657 405 956 448 prohibicionem
975 408 1012 440 et
1028 406 1278 440 abolicionem
1296 407 1483 449 predictas
1496 417 1577 442 esse
1594 408 1774 442 hactenus
1786 408 1881 443 sole-

259 461 366 500 batis,
385 461 631 501 omnibusque
659 462 793 495 vestris
807 462 1071 504 prerogativis,
1086 462 1298 505 privilegiis
1323 464 1360 495 et
1388 462 1626 496 libertatibus
1650 465 1688 497 in
1712 464 1883 506 personis

255 517 291 547 et
309 515 414 548 bonis
427 516 573 555 vestris,
588 516 685 548 sicut
702 517 979 550 consueveratis
997 518 1119 557 antea,
1134 517 1348 557 uteremini,
1368 527 1560 560 quousque
1577 519 1622 552 de
1640 520 1738 552 statu
1756 520 1881 552 vestro

253 570 359 602 sedes
388 569 593 611 apostolica
615 571 771 604 duceret
791 571 902 605 aliter
927 572 1189 612 ordinandum,
1216 573 1328 614 prout
1352 573 1390 604 in
1407 574 1621 614 patentibus
1646 573 1768 607 literis
1794 574 1882 607 inde

252 625 432 657 confec-tis
455 625 596 658 eisdem
619 625 785 668 Adulphi
802 627 967 669 episcopi
996 626 1122 669 sigillo
1146 628 1301 660 munitis
1325 626 1472 669 plenius
1496 631 1533 661 et
1561 629 1740 662 seriosius
1766 628 1883 662 conti·

252 681 371 711 netur.

296 734 373 766 Nos
386 735 505 776 igitur
521 734 688 768 volentes
712 745 776 768 vos
800 737 956 778 propter
983 736 1191 770 laudabilia
1216 738 1342 770 vestra
1370 747 1485 780 opera
1510 737 1719 772 honestatis
1746 739 1783 772 et
1807 737 1883 771 alia

252 788 433 821 virtutum
450 790 596 829 merita,
618 799 731 832 super
747 791 883 832 quibus
902 791 1010 824 nobis
1027 792 1125 833 apud
1148 801 1214 824 vos
1231 791 1303 824 fide
1321 792 1437 835 digna
1451 793 1668 826 testimonia
1684 792 1883 835 perhiben-

251 845 324 882 tur,
342 844 533 876 favoribus
550 846 741 887 prosequi,
767 847 963 888 oportunis
980 847 1115 879 vestris
1143 846 1484 888 supplicationibus
1508 847 1693 888 inclinati,
1711 848 1817 881 vobis
1845 849 1884 881 et

251 899 411 939 posteris
446 900 581 933 vestris
616 901 841 934 auctoritate
877 901 1085 943 apostolica
1120 903 1252 935 tenore
1288 903 1525 944 presencium
1549 902 1800 946 indulgemus,
1828 905 1882 944 ut,

251 962 445 995 quousque
462 955 507 987 de
525 956 623 987 statu
641 957 765 989 vestro
790 965 858 998 per
882 957 1008 989 sedem
1033 957 1191 990 eandem
1216 957 1341 998 aliter,
1370 959 1412 990 ut
1439 959 1644 1000 prefertur,
1670 958 1883 992 ordinatum

250 1008 432 1048 extiterit,
459 1009 571 1042 liceat
597 1010 702 1042 vobis
719 1011 756 1042 in
775 1010 934 1044 ecclesia
957 1013 1094 1052 vestra,
1126 1012 1297 1055 generali
1315 1013 1527 1052 interdicto,
1547 1013 1770 1046 auctoritate
1782 1013 1881 1045 dicte

251 1064 349 1095 sedis
363 1063 420 1096 vel
437 1063 649 1106 legatorum
663 1066 744 1107 ejus
757 1065 834 1098 lato
848 1066 907 1099 vel
920 1067 1076 1100 ferendo
1090 1068 1128 1099 in
1146 1067 1238 1109 ipsis
1251 1068 1433 1109 partibus,
1448 1077 1684 1109 nequaquam
1697 1068 1883 1109 obstante,

250 1126 317 1159 per
349 1119 585 1161 capellanum
611 1122 778 1153 vestrum
804 1121 863 1155 vel
893 1121 1008 1154 alium
1036 1122 1225 1162 idoneum,
1251 1123 1584 1156 excommunicatis
1607 1124 1645 1156 et
1672 1123 1883 1156 interdictis

249 1172 425 1213 exclusis,
454 1183 544 1207 voce
577 1175 762 1208 submissa
786 1177 823 1208 et
851 1186 924 1208 non
956 1176 1114 1218 pulsatis
1139 1177 1339 1219 campanis,
1367 1178 1491 1219 januis
1522 1177 1672 1219 clausis,
1697 1178 1736 1210 in
1758 1178 1884 1211 vestra

249 1229 446 1268 presencia
460 1230 585 1262 omnia
600 1231 738 1270 facere,
757 1230 964 1272 celebrare,
983 1233 1178 1273 vobisque,
1191 1241 1276 1264 cum
1290 1241 1382 1274 opus
1393 1232 1522 1272 fuerit,
1536 1232 1745 1266 ministrari
1757 1233 1883 1266 facere

249 1283 506 1317 ecclesiastica
529 1288 765 1319 sacramenta
786 1288 823 1319 et
840 1296 1001 1329 corpora
1029 1287 1185 1321 illarum
1202 1297 1248 1321 ex
1264 1288 1370 1320 vobis
1395 1289 1433 1321 et
1455 1289 1589 1321 vestris
1613 1289 1787 1331 posteris,
1810 1297 1883 1331 que

250 1338 450 1372 interdicto
478 1340 637 1373 durante
665 1341 858 1382 decedent,
890 1343 988 1375 tradi
1022 1342 1276 1377 ecclesiastice
1299 1343 1504 1385 sepulture,
1533 1343 1732 1377 dummodo
1755 1353 1820 1378 vos
1845 1345 1884 1378 et

249 1393 347 1426 dicte
364 1396 514 1436 postere
531 1404 682 1429 causam
706 1406 780 1429 non
805 1397 985 1430 dederitis
1003 1398 1215 1438 interdicto,
1234 1407 1303 1432 nec
1319 1399 1361 1430 ut
1376 1399 1482 1431 vobis
1498 1399 1694 1442 contingat
1709 1398 1884 1441 speciali-

249 1449 308 1481 ter
338 1449 524 1482 interdici.
551 1451 626 1483 Per
654 1451 724 1484 hec
763 1454 888 1485 autem
916 1454 1054 1486 statum
1079 1454 1246 1486 vestr-um
1270 1453 1363 1486 alias
1392 1454 1602 1496 approbare
1643 1463 1881 1496 nequaquam

249 1503 490 1545 intendimus,
517 1514 585 1538 nec
609 1507 723 1539 etiam
747 1508 965 1549 reprobare.

293 1558 392 1591 Nulli
427 1568 518 1603 ergo
548 1562 699 1593 omnino
725 1561 920 1595 hominum
945 1562 1058 1596 liceat
1082 1562 1178 1596 hanc
1201 1564 1381 1606 paginam
1406 1565 1533 1597 nostre
1560 1565 1812 1598 concessionis
1843 1566 1882 1598 et

248 1613 452 1647 voluntatis
474 1615 686 1658 infringere
712 1616 771 1649 vel
799 1617 835 1649 ei
868 1627 960 1650 ausu
992 1619 1196 1651 temerario
1221 1619 1435 1660 contraire3
1475 1619 1506 1652 si
1539 1619 1623 1660 quis
1654 1620 1779 1652 autem
1810 1619 1881 1653 hoc

250 1671 475 1711 attemptare
499 1673 784 1713 presumpserit,
802 1673 1102 1715 indignationem
1120 1674 1387 1716 omnipotentis
1407 1673 1472 1707 Dei
1497 1675 1534 1707 et
1550 1675 1747 1708 beatorum
1774 1675 1880 1709 Petri

249 1726 287 1756 et
303 1723 413 1757 Pauli
433 1725 690 1767 apostolorum
707 1728 788 1769 eJ'us
807 1736 847 1760 se
864 1728 1013 1760 noverit
1029 1729 1282 1762 incursurum.

295 1779 431 1812 Datum
450 1781 646 1822 Avinione‚
665 1783 714 1823 xij
740 1782 816 1816 kal.
843 1783 1054 1825 Februarij,
1072 1784 1313 1826 pontificatus
1326 1785 1444 1817 nostri
1458 1794 1555 1817 anno
1572 1785 1748 1818 secundo,

598 1858 755 1892 Archief
788 1868 858 1892 van
897 1859 962 1892 het
997 1860 1201 1903 Begijnhof
1235 1861 1272 1893 te
1308 1861 1567 1902 St-Truiden;
1594 1861 1798 1904 afgedrukt
1830 1862 1879 1903 bij

642 1913 683 1946 F.
720 1914 889 1954 Straven,
914 1914 1041 1948 Notice
1069 1913 1268 1959 historique
1294 1924 1362 1948 sur
1384 1914 1417 1948 le
1439 1915 1655 1959 deuz'naye
1684 1914 1738 1948 dit
1759 1914 1806 1950 de
1830 1915 1883 1949 S²e

641 1969 765 2010 Aynes
781 1971 804 2001 ὰ
821 1968 1088 2010 Saint-Trond,
1104 1969 1172 2002 blz.
1193 1970 1268 2004 116.

952 2103 1015 2147 61
1049 2100 1183 2158 (194)

314 2227 559 2277 1349-1350,
602 2227 808 2270 Doorm'k
839 2240 894 2270 en
936 2228 991 2271 de
1027 2229 1363 2273 Nederlanden.
1405 2229 1668 2272 Uittreksels
1711 2229 1775 2272 uit
1826 2229 1879 2272 de

252 2295 429 2353 kronijk
447 2310 530 2339 van
555 2296 637 2338 den
661 2296 903 2353 tijdgenoot
933 2296 1058 2340 Gillis
1089 2298 1146 2340 Le
1181 2297 1329 2340 Muisit
1351 2297 1399 2340 of
1415 2297 1463 2340 Li
1494 2297 1646 2342 Muisis
1668 2297 1720 2354 (†
1747 2297 1878 2356 1352)

251 2378 354 2406 over
377 2365 428 2408 de
450 2365 742 2420 handelingen
766 2366 843 2408 der
865 2366 1217 2409 Nederlandsche
1239 2367 1511 2417 Geeselaars‚
1535 2367 1685 2409 vooral
1717 2366 1878 2424 tijdens

250 2433 398 2476 hunne
422 2433 711 2477 bedevaarten
751 2448 859 2477 naar
895 2435 947 2478 de
969 2434 1020 2478 O.
1056 2435 1102 2479 L.
1136 2435 1440 2479 Vrouwekerk
1473 2449 1557 2478 van
1590 2435 1796 2480 Doornik.
1823 2459 1879 2467 -

251 2502 338 2544 Het
381 2502 567 2558 gerucht
608 2501 749 2558 begon
790 2506 835 2545 te
877 2503 1065 2546 Doornik
1107 2506 1151 2547 te
1183 2504 1352 2559 loopen,
1409 2503 1484 2546 dat
1525 2504 1570 2546 in
1622 2503 1875 2561 HongariJ'e,

251 2569 549 2622 Duitschhand,
596 2570 803 2624 Brabant,
840 2585 957 2625 enz.‚
981 2572 1075 2615 zich
1103 2575 1255 2628 groote
1297 2571 1467 2615 benden
1502 2586 1588 2615 van
1621 2572 1878 2616 Geeselaars

250 2639 474 2691 vormden,
487 2639 555 2682 die
572 2639 616 2682 in
634 2641 662 2683 ’t
680 2640 899 2696 openbaar
915 2640 1064 2684 hunne
1080 2640 1388 2685 boetewerken
1407 2640 1692 2685 verrichtten.
1707 2642 1879 2685 Daarna

248 2707 449 2751 kwamen
473 2709 525 2765 zij
545 2709 586 2751 in
612 2708 908 2754 Vlaanderen.
936 2708 1002 2752 Na
1033 2709 1114 2752 den
1147 2711 1302 2753 vasten
1324 2723 1410 2752 van
1437 2709 1549 2752 1349
1575 2723 1667 2752 was
1689 2710 1803 2753 erin
1825 2709 1878 2753 de
1922 2757 1925 2759 Α

251 2776 430 2831 geheele
454 2777 749 2820 christenheid
773 2791 880 2820 eene
903 2779 1153 2834 algemeene
1187 2778 1401 2821 overdaad
1425 2778 1469 2820 in
1491 2777 1656 2820 weelde
1679 2791 1732 2820 en
1754 2778 1878 2834 praal

251 2859 305 2886 en
328 2845 372 2887 in
390 2844 705 2888 onkuischheid
731 2846 867 2889 onder
891 2860 1079 2890 mannen
1103 2861 1155 2890 en
1188 2861 1414 2899 vrouwen,
1443 2847 1596 2890 leeken
1619 2861 1674 2890 en
1707 2851 1878 2904 geeste·

250 2913 402 2969 lijken,
441 2913 637 2956 ondanks
670 2915 722 2957 de
761 2915 1149 2958 waarschuwende
1182 2929 1438 2959 sermoenen
1470 2916 1549 2958 der
1578 2916 1789 2972 priesters
1820 2930 1875 2960 en

251 2981 501 3027 monniken.
538 2984 707 3039 Daarop
737 2983 921 3039 volgden
953 2984 1006 3027 de
1030 2985 1287 3041 vervolging
1317 2984 1394 3028 der
1414 2985 1568 3037 Joden,
1594 2984 1647 3028 de
1677 2985 1876 3041 opkomst
