2050 3470
840 224 978 259 ANNO
1005 225 1089 259 1417
1725 230 1791 263 203

132 333 253 377 rigori
281 333 453 376 preferre
469 333 652 374 volentes,
671 333 787 368 certis
805 334 1096 369 rationabilibus
1114 337 1161 370 de
1182 336 1305 371 causis
1323 339 1369 371 ad
1395 337 1467 370 hoe
1496 338 1602 378 moti,
1617 338 1786 381 viagium

131 390 343 432 predictum
361 389 407 423 de
432 389 551 422 Busco
570 390 683 423 Ducis
701 390 770 422 tibi
789 392 1106 425 commutavimus
1132 393 1170 425 et
1195 402 1264 435 per
1281 395 1481 435 presentes
1498 395 1788 434 commutamus,

130 445 305 478 videlicet
321 446 367 478 ad
384 445 613 477 visitandum
630 446 885 487 personaliter
903 446 1036 480 limina
1056 447 1221 481 ecclesie
1240 449 1319 481 sive
1341 449 1488 491 capelle
1512 450 1659 491 prefate
1679 450 1788 483 beate

132 501 252 534 Marie
276 500 436 542 virginis
469 501 507 532 in
534 500 728 540 Bruxella,
759 501 804 534 de
832 501 970 534 Sabulo
998 503 1212 545 vulgariter
1241 507 1472 546 nuncupata,
1504 504 1790 537 Cameracensis

134 555 307 594 diocesis,
327 557 366 587 et
382 555 547 597 viagium
566 557 671 588 tuum
697 556 788 587 inibi
816 556 984 590 totaliter
1013 558 1312 599 adimplendum,
1340 560 1447 592 nobis
1476 560 1611 592 exinde
1641 559 1790 592 litteras

131 609 406 643 testimoniales
424 619 537 651 super
551 611 675 653 viagio
696 612 775 652 ipso
794 621 835 644 ac
850 613 1068 646 visitatione
1084 613 1211 647 debite
1227 616 1481 656 reportando.

178 665 317 698 Datum
341 665 521 705 Gandavi,
551 666 651 699 dicte
680 668 808 699 nostre
833 667 1005 707 diocesis,
1033 669 1101 701 sub
1127 669 1254 712 sigillo
1281 679 1433 703 camere
1452 671 1592 709 nostre,
1613 669 1673 702 die
1691 668 1786 702 XXa

132 722 272 756 mensis
288 722 451 765 Augusti
465 731 563 755 anno
580 723 731 754 Domini
746 723 1074 758 M⁰COGOXVIJ⁰.

486 793 746 835 Rijksarchief
768 804 839 828 van
864 796 1032 836 Brussel,
1060 796 1276 832 cartulaire
1301 797 1346 832 de
1363 797 1519 832 l'c‘ve'clw'
1533 796 1580 832 de
1605 797 1791 836 Tournai,

531 852 556 882 t.
572 848 629 882 III
646 850 761 891 (Man.
780 850 851 892 56),
869 851 934 883 fol.
949 851 993 883 46
1010 861 1132 886 verso,

813 997 913 1041 130
948 993 1119 1055 (253⁴).

195 1126 320 1179 1417,
360 1125 600 1182 Auyuscus
631 1128 701 1179 22,
736 1126 945 1170 Brussel.
981 1126 1305 1183 Getuigschrift
1349 1126 1454 1169 door
1493 1125 1620 1169 Gillis
1652 1125 1786 1178 Coils‚

133 1198 311 1252 pastoor
333 1195 411 1239 der
433 1196 563 1253 kapel
586 1209 670 1240 van
689 1195 738 1239 Ο.
768 1197 815 1241 L.
843 1196 1011 1239 Vrouw
1035 1210 1088 1253 op
1111 1197 1195 1240 den
1219 1195 1350 1239 Zavel
1375 1198 1420 1238 te
1445 1195 1640 1247 Brussel,
1665 1195 1791 1252 asge-

133 1264 284 1308 leverd
317 1279 401 1309 aan
439 1265 522 1309 den
546 1265 735 1323 priester
759 1265 952 1310 Richard
985 1265 1042 1309 du
1083 1265 1297 1321 Crocquet
1335 1278 1420 1309 van
1445 1264 1653 1318 Doornik,
1681 1279 1790 1310 over

136 1334 189 1392 zij
197 1348 251 1378 ne
271 1334 525 1379 volbrachte
543 1334 786 1379 bedevaart
804 1335 974 1380 aldaar.

414 1426 558 1460 Littera
580 1427 655 1461 sive
678 1425 811 1460 cedula
836 1425 1093 1460 testimonialis
1116 1425 1162 1460 de
1186 1426 1308 1470 viayz'o
1328 1430 1496 1470 peracto.

179 1490 364 1524 Noverint
386 1491 553 1524 universi
581 1500 641 1524 me
673 1491 853 1534 Egidium
884 1491 998 1533 Coils,
1029 1491 1297 1533 presbyterum
1329 1491 1608 1524 deservientem
1640 1490 1788 1533 capelle

136 1548 247 1580 beate
266 1546 386 1580 Marie
411 1547 450 1579 in
473 1546 665 1580 Bruxellis
693 1556 806 1588 super
821 1546 1015 1586 Sabulum,
1027 1547 1168 1579 vidisse
1186 1555 1229 1579 ae
1246 1546 1415 1578 locutum
1428 1546 1545 1579 fuisse
1559 1548 1597 1579 et
1610 1545 1787 1579 holocau-

137 1603 236 1635 stum
259 1602 401 1635 ibidem
418 1601 574 1635 solvisse
602 1604 640 1635 et
663 1601 803 1635 limites
829 1603 939 1635 beate
956 1602 1127 1644 Virginis
1153 1602 1343 1634 antedicte
1360 1602 1532 1634 visitasse
1549 1601 1786 1635 Richardum

137 1660 186 1692 (lu
204 1658 391 1700 Crocquet
408 1659 454 1691 de
472 1658 644 1691 Tornaeo
663 1658 842 1691 clientem
855 1658 996 1691 ibidem
1013 1660 1051 1691 et
1072 1657 1143 1690 hoe
1163 1658 1209 1690 ob
1227 1657 1486 1690 reverenciam
1504 1657 1732 1690 venerabilis
1749 1658 1788 1690 et

137 1711 276 1745 nobilis
294 1712 437 1744 domini
457 1711 601 1744 domini
617 1711 718 1744 dicte
734 1710 839 1744 ville.

181 1766 226 1800 In
254 1767 405 1810 signum
429 1767 599 1800 veritatis
627 1767 900 1808 premissorum
917 1767 1075 1808 apposui
1113 1765 1284 1809 sigillum
1301 1774 1428 1799 meum
1452 1766 1663 1808 proprium,
1688 1774 1786 1798 anno

139 1822 291 1855 Domini
319 1822 634 1862 M⁰CCCCXVII⁰‚
663 1822 702 1854 in
720 1822 781 1854 die
804 1824 1024 1855 octavarum
1041 1821 1326 1864 Assumptionis
1342 1821 1501 1864 virginis
1531 1821 1664 1861 Marie,
1692 1820 1787 1854 hora

139 1879 304 1912 secunda
319 1879 404 1921 post
419 1877 624 1920 prandium
642 1877 701 1911 vel
720 1878 891 1911 circiter.

488 1952 749 1994 Rijksarehief
771 1963 843 1986 van
868 1953 1040 1995 BrusseI,
1061 1951 1277 1987 Cartalaz're
1301 1951 1346 1986 de
1363 1951 1517 1987 Z'e've'che'
1532 1952 1578 1987 de
1602 1951 1784 1992 Touo-nai,

533 2010 561 2044 t.
575 2009 633 2044 III
646 2009 762 2053 (Man.
776 2009 847 2051 56),
864 2009 930 2043 fol.
951 2011 993 2044 46
1006 2018 1130 2044 verso.

826 2158 918 2202 131
956 2152 1123 2216 (253⁵).

201 2289 324 2340 1417,
361 2287 568 2330 Brassel.
597 2284 938 2343 Aanteekening
973 2300 1079 2329 over
1112 2286 1164 2329 de
1190 2285 1545 2341 tereehtstelling
1570 2298 1656 2328 van
1680 2284 1788 2340 Cop-

142 2357 217 2414 pin
240 2356 292 2400 de
314 2355 624 2408 Seoenmaker‚
651 2355 797 2400 omdat
820 2355 880 2413 hij
905 2356 982 2399 het
1005 2355 1279 2413 priesterlijk
1302 2353 1424 2398 ambt
1463 2354 1627 2398 zonder
1662 2353 1790 2398 recht

144 2426 407 2471 uitoefende.

189 2512 258 2546 Ces
286 2522 348 2545 cas
365 2510 478 2544 isoles
496 2510 680 2544 d'heresie
709 2512 852 2545 etaient
875 2512 1102 2554 comprimes
1120 2521 1188 2554 par
1206 2511 1260 2545 les
1279 2511 1456 2544 officiaux
1474 2512 1539 2544 des
1557 2520 1667 2543 cours
1694 2509 1787 2552 epis-

145 2565 307 2608 copales.
335 2566 580 2608 Quelquefois
606 2577 653 2599 on
686 2576 725 2600 se
749 2568 930 2600 montrait
944 2569 1021 2601 tres
1037 2569 1180 2601 severe.
1197 2568 1303 2600 Ainsi
1317 2576 1363 2599 en
1380 2566 1476 2604 1417,
1502 2576 1553 2599 un
1579 2566 1722 2607 Coppin
1741 2566 1788 2598 de

146 2622 402 2656 Seoenmaker
415 2624 472 2655 fut
486 2624 643 2656 exet-ute
660 2624 681 2655 a
696 2622 896 2656 Bruxelles
913 2633 1010 2665 pour
1027 2623 1131 2656 avoir
1156 2625 1292 2656 exerce
1306 2622 1361 2655 les
1379 2622 1567 2655 fonctions
1586 2622 1631 2654 dc
1646 2622 1788 2663 preme,

145 2686 231 2711 sans
245 2678 325 2711 etre
338 2678 469 2711 revetu
491 2677 540 2710 du
559 2679 753 2711 caractere
772 2677 1003 2711 sacerdotal.

496 2755 693 2788 Memoires
720 2754 765 2788 de
796 2754 936 2798 Viqlius
963 2760 996 2788 et
1024 2754 1270 2799 d‘Hopperus,
1301 2755 1534 2800 uitgegeven
1560 2753 1655 2784 door
1677 2750 1792 2795 Alph.

541 2810 734 2853 Wauters,
753 2810 825 2844 blz.
844 2810 918 2852 127,
936 2811 1040 2845 noot.
