2050 3470
762 248 901 283 ANNO
927 248 1012 282 1420
1656 250 1719 283 237

429 359 586 393 Art-hies
619 360 687 392 ‹ler
710 359 924 393 hoof·1ke1·k
950 370 1019 393 van
1061 358 1243 400 Doornik,
1269 358 1481 393 Cartulaire
1507 359 1567 400 113
1613 360 1719 401 asge-

475 415 651 456 11ruktbij
672 415 848 455 Cauchie,
866 414 993 449 Nic-oze
1015 415 1222 456 Serrurier,
1242 414 1313 448 blz.
1331 414 1489 448 ‘zm-3¹⁸

734 566 836 609 140
866 561 1064 625 (emta).

137 696 257 745 1420,
283 692 491 736 ²lammari
508 696 550 743 6,
578 693 811 737 Florence.
840 694 920 736 Bul
945 707 1026 736 van
1055 692 1272 736 Martinus
1299 693 1354 745 V,
1381 692 1555 750 gerieht
1581 695 1644 736 tot
1669 692 1721 736 de

73 761 410 820 geestelijkheid
429 775 481 804 en
501 762 553 805 de
575 761 857 819 inquisiteurs
875 762 952 805 der
974 763 1170 819 gansche
1195 763 1513 815 christenheid‚
1537 761 1718 820 waarbij

72 832 133 890 hij
154 832 206 875 de
228 835 343 876 twee
366 831 755 888 veroordeelingen
774 835 904 889 tegen
929 832 1131 877 Nicolaas
1153 832 1379 876 Serrurier
1403 831 1718 889 nitgesproken

72 901 267 945 kenbaar
288 900 437 945 maakt
461 915 513 944 en
549 901 828 945 uitvoerbaar
853 903 1092 947 verklaart.
1119 929 1170 934 —
1198 905 1258 947 De
1278 917 1385 959 paus
1411 901 1530 959 geeft
1552 900 1604 944 de
1627 901 1720 959 lijst

71 971 150 1015 der
180 970 385 1028 dolingen
418 985 504 1014 van
527 970 753 1015 Serrurier
775 972 819 1015 in
843 972 933 1015 hun
962 973 1118 1029 geheel
1143 986 1196 1029 op
1230 972 1479 1030 (nagenoeg
1512 971 1578 1015 als
1602 971 1718 1014 hier-

70 1040 210 1086 boven
228 1041 270 1084 in
305 1055 384 1084 ons
417 1040 536 1093 stuk,
574 1053 618 1084 nr
644 1042 744 1094 131,
780 1041 865 1087 blz.
888 1042 1106 1100 221-213)
1141 1057 1194 1086 en
1227 1043 1344 1087 deelt
1369 1057 1449 1086 een
1469 1041 1717 1097 omstandig

69 1111 252 1155 verhaal
270 1110 392 1154 mede
411 1125 494 1154 van
512 1111 588 1155 het
605 1111 769 1168 geding
785 1109 894 1155 voor
911 1112 986 1156 het
1004 1112 1194 1157 Concilie
1213 1115 1258 1156 te
1286 1112 1506 1156 Constanz
1541 1125 1596 1154 en
1630 1124 1715 1154 van

70 1181 147 1225 het
179 1180 526 1238 beroepsgeding
558 1180 664 1225 νὸόι·
698 1183 750 1225 de
782 1182 874 1226 drie
906 1182 1183 1226 kardinalen.
1213 1184 1373 1228 Overal
1399 1196 1520 1227 waar
1553 1180 1716 1237 noodig

69 1250 213 1295 wordt
245 1250 488 1303 bevonden,
526 1253 594 1295 zal
617 1252 694 1296 het
717 1252 874 1296 vonnis
894 1252 1114 1309 openbaar
1136 1253 1342 1309 gemaakt
1367 1267 1420 1296 en
1440 1256 1570 1309 tegen
1589 1249 1716 1294 Nico-

68 1321 160 1365 laas
181 1320 406 1364 Serrurier
428 1335 482 1364 en
505 1322 546 1365 al
570 1322 683 1379 zijne
706 1322 986 1379 aanhangers
1009 1322 1214 1378 krachtig
1238 1322 1417 1366 worden
1442 1320 1709 1379 gehandeld.

68 1391 128 1434 De
170 1391 492 1436 voorschriften
535 1406 621 1435 van
668 1392 913 1435 Bonifacius
959 1392 1078 1444 VIII,
1131 1391 1312 1450 waarbij
1358 1392 1410 1435 de
1453 1389 1712 1448 geestelijke

66 1459 265 1504 rechters
298 1461 461 1506 slechts
494 1461 537 1505 in
563 1461 654 1505 hun
688 1462 814 1519 eigen
848 1460 1152 1518 rechtsgebied
1186 1475 1341 1518 mogen
1366 1461 1601 1514 handelen,
1627 1459 1713 1516 ziJn

67 1544 119 1587 op
149 1530 374 1574 Serrurier
405 1545 459 1574 en
493 1531 606 1589 zijne
640 1531 920 1588 aanhangers
953 1530 1043 1574 niet
1076 1531 1391 1588 toepasselijk;
1435 1529 1636 1575 evenmin
1660 1528 1713 1570 de

65 1600 307 1657 pauselijke
346 1601 653 1654 voorrechten,
699 1601 842 1644 welke
881 1601 934 1659 zij
975 1600 1141 1645 zouden
1179 1600 1360 1645 kunnen
1400 1601 1608 1657 inroepen
1641 1611 1711 1642 om

65 1672 383 1729 vervolgingen
416 1675 460 1716 te
494 1675 704 1729 ontgaan.

108 1760 317 1801 MAR'rmUS,
336 1761 547 1803 episcopus,
567 1770 699 1794 seruus
717 1769 915 1794 seruorum
934 1759 1016 1800 Dei,
1043 1757 1324 1792 venerabilibus
1341 1756 1524 1791 fratribus
1542 1756 1702 1799 patriar-

64 1815 157 1856 chis,
176 1815 484 1858 archiepiscopis,
504 1816 691 1858 episcopis
705 1817 742 1849 et
756 1815 905 1848 dilectis
923 1815 1010 1856 filijs
1028 1813 1161 1847 electis
1178 1814 1390 1853 abbatibus,
1405 1813 1597 1855 prioribus
1614 1821 1707 1854 pre-

64 1872 208 1914 positis,
227 1872 392 1914 decanis,
411 1871 690 1905 archidiaconis
707 1881 750 1904 ac
774 1871 857 1913 alijs
875 1869 1123 1904 ecclesiarum
1140 1870 1178 1902 et
1195 1868 1514 1902 monasteriorum
1530 1867 1708 1910 prelatis,

64 1928 102 1959 et
118 1927 404 1968 inquisitoribus
432 1927 602 1960 heretice
634 1926 847 1968 prauitatiS,
874 1925 920 1958 ad
945 1934 1038 1966 quos
1063 1924 1260 1967 presentes
1288 1922 1416 1957 littere
1440 1922 1702 1965 peruenerint‚

63 1981 223 2015 salutem
236 1984 275 2016 et
291 1982 538 2025 apostolicam
555 1982 875 2016 benedictionem.

104 2038 162 2070 Ad
190 2037 262 2070 hoc
288 2038 468 2080 precipue
500 2039 724 2080 disponente
756 2037 917 2070 Domino
943 2034 1148 2070 universali
1180 2033 1340 2068 ecclesie
1372 2033 1622 2077 presidentes,
1663 2033 1706 2066 ut

64 2091 203 2126 Christi
217 2093 348 2127 fideles
363 2094 430 2127 sub
446 2094 656 2128 orthodoxe
682 2094 771 2127 fidei
788 2093 1006 2127 sinceritate
1023 2090 1220 2133 quibusuis
1248 2090 1444 2123 erroribus
1468 2089 1601 2122 intacti
1618 2097 1702 2131 per-

63 2151 253 2191 maneant,
285 2149 501 2193 vigilamus,
529 2151 712 2183 aduersus
752 2158 902 2190 quoque
926 2148 1035 2181 bases
1067 2146 1157 2179 fidei
1188 2146 1226 2179 et
1257 2144 1418 2178 ecclesie
1446 2144 1706 2186 predictarum

63 2204 267 2247 doctrinaS,
300 2206 466 2246 decreta,
501 2205 761 2239 observantias
786 2205 824 2238 et
849 2204 1108 2237 ordinationes
1137 2200 1424 2244 quomodolibet
1454 2200 1708 2243 dogmatizata

62 2259 234 2293 sollicitis
248 2261 381 2302 studijs
395 2261 572 2304 angimur
589 2261 795 2302 extirpare,
815 2269 861 2293 ne
878 2268 972 2303 ager
987 2259 1069 2301 ipse
1087 2259 1297 2292 dominicus
1310 2258 1456 2293 heresis
1478 2260 1517 2292 et
1532 2268 1706 2292 errorum

61 2317 238 2359 contagio
257 2316 381 2350 valeat
395 2317 592 2350 maculari.

106 2371 255 2405 Dudum
283 2373 484 2414 siquidem,
514 2374 712 2415 postquam
738 2372 966 2407 venerabilis
998 2373 1119 2406 frater
1143 2372 1272 2405 noster
1293 2370 1475 2411 Joannes,
1504 2370 1704 2413 episcopus

61 2427 325 2469 Tornacensis,
346 2428 527 2462 dilectum
552 2429 674 2462 filium
692 2429 889 2463 Nicolaum
907 2428 1131 2468 Serrurarii‚
1147 2428 1290 2461 ordinis
1315 2428 1479 2460 fratrum
1495 2425 1701 2460 heremita-

60 2492 144 2516 rum
157 2484 276 2516 sancti
289 2485 493 2527 Augustini
511 2486 780 2526 professorem,
800 2485 839 2518 in
853 2494 961 2518 sacra
977 2483 1173 2527 theologia
1188 2483 1426 2526 magistrum,
1453 2482 1518 2524 qui
1534 2481 1702 2525 maligno

60 2538 212 2571 inflatus
227 2538 377 2580 spiritu,
394 2539 552 2572 credens
570 2539 654 2581 plus
673 2548 807 2582 sapere
825 2548 938 2581 quam
963 2540 1170 2581 oporteret,
1190 2539 1229 2571 in
1255 2538 1478 2571 ciuitatibus
1492 2539 1529 2571 et
1546 2537 1703 2570 diocesi·

59 2592 127 2625 bus
142 2593 373 2627 Tornacensi
390 2595 429 2627 et
446 2593 707 2627 Cameracensi
725 2604 768 2627 ac
785 2594 957 2636 partibus
971 2594 1048 2626 illis
1062 2594 1267 2637 contiguis,
1285 2592 1527 2627 immaculate
1542 2592 1703 2626 ecclesie

58 2648 263 2689 puritatem
280 2649 435 2682 inficere
454 2651 492 2682 et
516 2649 748 2691 dirumpere,
769 2658 811 2682 ac
829 2649 1020 2691 simplices
1037 2651 1076 2683 et
1093 2649 1270 2693 vulgares
1295 2648 1522 2682 christianos
1543 2647 1703 2691 populos

58 2704 94 2735 in
113 2705 243 2738 eterne
262 2705 515 2738 damnationis
533 2704 710 2737 interitus
735 2704 831 2738 viam
849 2714 991 2747 ponere
1017 2706 1208 2748 satagens,
1235 2705 1291 2738 eis
1316 2704 1498 2739 articulos
1516 2706 1555 2738 et
1579 2713 1698 2738 asser-

57 2759 180 2792 tiones
196 2759 473 2803 infrascriptos,
499 2760 669 2793 heretica
687 2759 771 2794 labe
789 2762 827 2793 et
850 2761 1046 2793 erroribus
1063 2761 1237 2801 infectos,
1265 2760 1521 2801 scandalosos,
1547 2760 1700 2793 seditio-

57 2816 363 2855 sos,temerarios
377 2818 414 2849 et
427 2816 643 2857 injuriosos,
655 2825 722 2857 per
736 2816 919 2850 nonnulla
936 2818 1108 2859 tempora
1124 2817 1163 2850 in
1181 2817 1258 2849 suis
1272 2816 1435 2858 publicis
1460 2816 1699 2850 sermonibus

57 2871 95 2904 et
111 2869 205 2904 alias
232 2871 510 2913 predieauerat,
540 2870 805 2913 publicauerat
829 2873 868 2905 et
896 2872 1178 2915 diqugauerat,
1205 2873 1244 2905 et
1267 2872 1368 2914 quod
1384 2872 1471 2905 illos
1495 2871 1700 2905 defendere

56 2927 235 2968 tanquam
253 2935 362 2960 veros
379 2936 419 2960 se
434 2927 615 2969 Jactabat,
640 2927 679 2960 in
705 2937 772 2962 sue
790 2928 957 2970 dictique
974 2927 1105 2971 populi
1122 2928 1336 2962 animarum
1364 2927 1589 2971 periculum,
1615 2936 1700 2961 nec-

56 2990 130 3016 non
149 2981 242 3017 cleri
259 2981 412 3018 illarum
436 2983 603 3025 partium
620 2983 878 3019 turbationem
903 2984 1168 3027 grauissimam
1196 2984 1529 3027 perniciosumque
1547 2983 1699 3018 scanda-
