2050 3470
724 234 860 269 ANNO
888 235 1076 268 1417-1410
1663 238 1727 271 229

90 347 212 381 tocius
244 347 346 381 orbis
377 347 611 390 ycomeniam
640 347 791 380 tandem
816 347 888 380 fuit
919 346 1106 381 devoluta.
1136 347 1383 381 Reverendus
1419 350 1537 392 igitur
1563 350 1723 384 ecclesie

90 403 344 437 Traiectensis
360 403 515 436 antistes
532 403 705 436 dominus
730 402 954 436 Fredericus
979 404 1025 436 de
1050 402 1330 436 Blanckenhem
1351 406 1515 446 prudens
1540 407 1578 438 et
1595 405 1722 439 litera-

89 459 149 491 tus
184 459 355 500 patentes
373 457 504 491 literas
534 457 661 501 sigillo
693 467 759 491 suo
790 459 1038 491 communitas
1073 468 1223 491 causam
1257 460 1477 501 premissam
1508 461 1721 502 statumque

89 513 257 546 omnium
271 513 490 547 devotorum
509 514 629 555 patric
644 522 709 547 sue
727 514 964 546 continentes
977 514 1100 547 eidem
1116 515 1316 547 universali
1336 516 1543 548 transmisit
1562 516 1721 548 concilio

88 569 274 602 instanter
301 578 474 608 exorans,
500 570 541 601 ut
559 570 628 602 iste
653 569 773 602 audax
792 570 912 602 frater
943 569 1132 602 Mattheus
1159 569 1282 603 Grabo
1309 570 1422 613 digno
1447 571 1628 604 feriretur
1645 572 1722 604 ani-

88 624 348 658 madversione
379 625 550 666 reprobis
575 625 612 656 in
641 624 868 666 exemplum,
887 625 999 658 fidem
1032 625 1108 657 suis
1138 625 1280 658 faciens
1311 626 1460 666 scriptis
1486 627 1720 666 auctenticis,

86 680 185 721 quod
205 678 320 712 nichil
340 689 514 721 umquam
531 679 619 712 mali
636 680 792 722 dignum
810 680 1024 721 suspicione
1041 682 1173 713 contra
1189 689 1332 713 morem
1351 680 1511 714 ecclesie
1526 681 1562 713 in
1577 683 1720 714 devotis

85 733 197 767 huius
214 735 335 777 patrie
353 743 465 768 sexus
481 735 677 776 utriusque
706 735 848 768 invenit
875 734 1111 776 delitescere,
1141 737 1205 768 sed
1232 744 1360 769 omnes
1385 738 1423 768 et
1439 735 1578 779 singuli
1605 737 1719 770 vitam

84 798 172 823 vere
200 789 445 832 apostolicam
476 789 635 822 ecclesie
667 790 856 831 primitive
882 790 922 822 ut
950 791 1027 823 veri
1057 790 1251 823 christiani
1277 791 1323 823 ad
1347 800 1482 832 purum
1511 794 1718 824 servarent..

84 845 190 884 Quod
215 845 268 878 ita
283 854 323 878 se
340 844 480 878 habere
498 845 732 877 venerabiles
747 847 873 886 patres
889 845 1083 878 Johanncs
1110 846 1155 879 de
1175 845 1353 879 Huesden
1381 846 1418 878 in
1444 845 1661 879 Windesem
1683 850 1720 880 et

81 899 275 934 ‚Johannes
306 899 415 933 VVael
448 900 485 932 in
515 899 713 933 Bethleem
743 899 884 932 Zuollis
916 901 1063 942 priores
1097 909 1170 933 una
1202 910 1285 933 cum
1311 900 1463 933 domino
1489 901 1654 934 Henrieo
1673 902 1719 934 (le

82 954 211 998 Ahuys
244 956 282 988 et
314 955 464 988 domino
496 954 687 988 Everardo
721 955 859 996 Zuaen,
886 956 923 987 in
957 954 1157 989 Oldensale
1183 957 1271 988 tunc
1300 956 1494 995 canonico,
1524 958 1656 997 postea
1681 958 1717 990 in

82 1011 310 1044 monasterio
340 1010 482 1042 ordinis
507 1011 625 1043 nostri
658 1019 775 1052 prope
809 1010 1003 1043 Northorn
1031 1010 1201 1053 regulari
1235 1011 1429 1051 canonico,
1459 1011 1599 1044 ibidem
1629 1013 1717 1044 tunc

82 1067 276 1108 presentes
315 1065 464 1107 publice
500 1067 538 1098 et
577 1067 793 1098 constanter
821 1066 1052 1099 affirmantes
1083 1066 1403 1108 protestabantur,
1434 1067 1545 1099 fidem
1574 1067 1620 1100 de
1645 1067 1718 1100 hiis

79 1121 273 1154 indubiam
290 1121 451 1153 dominis
476 1120 730 1153 cardinalibus
748 1121 785 1153 et
801 1121 946 1153 eunctis
970 1119 1126 1162 prelatis
1151 1121 1291 1154 ibidem
1310 1122 1504 1154 facientes
1525 1121 1715 1155 Fidelissi-

79 1185 160 1209 mus
191 1177 316 1209 autem
345 1177 524 1209 executor
554 1176 750 1208 literarum
779 1175 1048 1217 episcopalium
1080 1176 1152 1209 fuit
1183 1177 1239 1209 vir
1267 1176 1331 1210 ille
1367 1177 1498 1209 doetus
1531 1178 1713 1220 magister

78 1231 306 1264 XVilhelmus
323 1232 369 1264 de
387 1231 564 1271 Lochem,
583 1231 620 1263 111
638 1231 782 1263 artibus
796 1231 991 1273 magister,
1018 1232 1055 1264 in
1074 1231 1268 1274 theologia
1286 1231 1500 1265 bucularius
1517 1233 1714 1272 formatus,

78 1287 117 1320 in
134 1287 235 1319 omni
260 1286 424 1319 sciencia
455 1287 493 1319 et
519 1286 698 1319 facultate
723 1286 943 1328 industrius,
969 1286 1228 1319 universitatis
1254 1287 1480 1320 Parisiensis
1514 1288 1551 1320 in
1581 1289 1713 1321 00110111

77 1341 237 1375 concilio
263 1342 504 1381 ambasiator,
534 1341 693 1374 ecclesie
721 1343 849 1374 sancte
880 1341 1001 1374 Marie
1030 1342 1067 1374 in
1100 1342 1305 1375 Daventria
1335 1344 1420 1385 post
1443 1342 1513 1375 hec
1532 1344 1661 1385 pastor
1677 1344 1716 1377 et

75 1397 278 1430 canonieus
297 1395 686 1436 Daventriensis.Qui‚
696 1397 863 1438 episcopi
877 1397 1132 1432 Traieetensis
1149 1397 1187 1429 in
1205 1398 1373 1430 omnium
1388 1398 1588 1431 audiencia
1605 1398 1713 1431 lectis

77 1451 260 1494 epistolis,
279 1452 420 1484 dictum
437 1453 594 1484 fratrem
609 1452 820 1485 Grabonem
839 1454 1030 1493 tamquam
1044 1451 1252 1486 hereticum
1269 1454 1307 1486 et
1320 1453 1581 1494 blasphemum
1598 1454 1714 1495 peciit

77 1507 298 1547 abiudicari,
313 1515 357 1540 eo
376 1508 473 1548 quod
493 1506 620 1548 plures
645 1507 731 1540 fidei
757 1507 984 1540 christianae
1009 1508 1219 1541 contrarios
1237 1508 1274 1540 in
1294 1508 1422 1541 libello
1441 1518 1507 1541 suo
1525 1509 1713 1550 posuisset

75 1562 268 1602 articulos,
287 1561 463 1595 videlicet
479 1563 577 1604 quod
603 1562 728 1595 nullus
752 1563 791 1595 in
808 1562 936 1604 aliqua
952 1563 1139 1606 religione
1164 1564 1210 1596 ab
1228 1563 1388 1597 ecclesia
1413 1564 1620 1606 approbata
1637 1574 1710 1597 non

75 1619 267 1660 professus
284 1618 358 1650 tria
376 1618 519 1650 ordinis
544 1618 813 1651 substancialia
839 1618 1130 1660 (paupertatem,
1155 1619 1366 1652 castitatem
1383 1620 1421 1652 et
1438 1619 1710 1661 obedienciam)

74 1673 155 1707 sine
172 1673 326 1715 peccato
341 1672 491 1706 mortali
510 1673 635 1714 posset
649 1681 814 1715 servare,
839 1674 876 1706 et
892 1673 968 1707 alia
980 1673 1090 1716 plura
1106 1673 1245 1707 similia
1258 1673 1422 1708 heresim
1439 1675 1641 1716 sapiencia.

118 1728 329 1762 Cardinalis
346 1737 439 1771 ergo
457 1729 502 1761 ad
520 1729 703 1770 premissa
728 1738 750 1762 a
767 1729 928 1761 concilio
947 1729 1225 1762 commissarius
1243 1731 1280 1762 et
1297 1730 1368 1762 sibi
1393 1730 1611 1763 assistentes
1628 1739 1708 1764 rem

72 1784 181 1817 istam
196 1783 409 1817 necessario
426 1783 664 1824 ventilantes,
682 1784 926 1826 inspicientes
940 1786 977 1817 et
990 1785 1128 1825 debite,
1147 1786 1260 1827 prout
1277 1786 1438 1827 oportet,
1449 1786 1709 1819 examinantes

71 1849 115 1872 ac
131 1840 281 1881 patrum
298 1839 501 1872 sentenciis
518 1839 680 1881 fideique
698 1839 883 1873 catholice
902 1841 1053 1873 omnino
1071 1841 1303 1874 eontrarium
1320 1840 1459 1873 librum
1477 1850 1586 1874 suum
1603 1850 1708 1883 repe-

70 1895 212 1928 rientes
235 1894 476 1937 propterhec
501 1896 539 1928 et
555 1894 629 1928 alia
654 1896 855 1937 presertim
882 1896 1024 1928 domini
1056 1895 1258 1929 cardinalis
1286 1896 1420 1929 iudicis
1453 1897 1499 1929 ad
1524 1896 1709 1938 premissa

70 1950 273 1983 violentam
312 1950 543 1983 invasionem
571 1950 713 1983 dictum
752 1951 911 1984 fratrem
941 1951 1157 1984 Grabonum
1188 1951 1227 1984 in
1266 1951 1427 1984 concilio
1460 1951 1645 1985 miserunt
1667 1953 1705 1986 in

70 2014 273 2039 carcerem.
288 2004 336 2038 Et
353 2005 423 2038 nisi
438 2004 576 2038 librum
593 2015 701 2038 suum
719 2008 877 2048 propter
894 2006 1076 2040 articulos
1095 2015 1275 2040 erroneos
1292 2007 1331 2039 in
1348 2015 1392 2040 eo
1412 2006 1705 2049 comprehensos

69 2061 151 2103 ipse
176 2061 374 2094 damnaret
400 2061 436 2094 et
453 2069 493 2094 se
510 2060 715 2103 plurimum
734 2070 882 2095 errasse
899 2062 1052 2104 publice
1076 2060 1330 2104 proclamaret
1347 2063 1548 2104 ceteraque
1566 2063 1706 2098 similia

67 2116 173 2149 iuxta
190 2125 258 2149 sua
274 2116 459 2149 demerita
476 2116 573 2149 iuste
592 2117 662 2149 sibi
693 2117 928 2160 iniungenda
946 2117 1110 2151 libenter
1133 2118 1347 2160 perficeret,
1367 2118 1412 2151 de
1430 2127 1583 2152 carcere
1599 2119 1705 2153 exire

68 2171 140 2204 nisi
168 2172 214 2204 ad
246 2171 375 2214 ignem
405 2172 556 2204 omnino
586 2182 659 2205 non
677 2174 815 2214 posset.
843 2172 913 2212 Qui
938 2171 1029 2215 pelli
1055 2181 1121 2206 sue
1152 2173 1422 2215 pertimescens
1450 2173 1591 2206 saniori
1616 2184 1705 2208 usus

67 2225 224 2259 consilio
242 2235 348 2260 reum
374 2236 413 2260 se
430 2228 620 2270 cognovit,
639 2229 850 2270 cunctaque
876 2229 1061 2270 premissa
1095 2229 1133 2262 et
1160 2228 1278 2261 multo
1311 2228 1456 2261 maiora
1484 2229 1521 2261 in
1553 2229 1705 2271 publica

66 2282 233 2315 omnium
257 2283 456 2315 audiencia
480 2284 612 2325 aperte
627 2284 822 2317 confessus
840 2283 979 2317 librum
996 2293 1104 2318 suum
1122 2283 1324 2323 damnavit,
1351 2284 1465 2317 vitam
1489 2285 1527 2318 et
1552 2293 1704 2318 conver-

65 2338 254 2371 sacionem
291 2338 512 2371 devotorum
551 2339 849 2380 presbiterorum
885 2339 1109 2373 clericorum
1142 2341 1180 2374 et
1218 2340 1449 2383 Beginarum
1486 2341 1702 2383 Darentrie,

65 2392 204 2426 Zuollis
221 2394 255 2426 et
275 2393 365 2426 alibi
391 2393 428 2426 in
447 2395 638 2427 communi
656 2395 737 2428 sine
755 2395 990 2436 professione
1008 2396 1217 2429 vivencium
1242 2395 1350 2429 valde
1367 2398 1701 2438 recommendavit,

64 2448 103 2481 et
129 2448 183 2480 sic
210 2448 338 2491 ignem
364 2450 601 2491 mortemque
625 2449 786 2483 evadens
815 2451 853 2483 in
877 2460 969 2493 paee
986 2451 1058 2484 fuit
1081 2451 1267 2484 dimissus.
1294 2451 1372 2485 Hec
1388 2452 1515 2486 omnia
1531 2453 1700 2487 seriatim

63 2504 190 2546 patres
206 2503 426 2538 devotarum
445 2505 791 2548 congregacionum
816 2506 1021 2549 registrata
1037 2507 1271 2540 conservant.

411 2570 499 2605 doli.
520 2570 717 2611 Buschius,
746 2571 954 2606 Chronicon
980 2571 1314 2613 Wz'ndeshemense,
1345 2573 1412 2608 blz.
1442 2573 1701 2618 1724740111-

459 2635 554 2670 gave
570 2636 638 2660 van
653 2627 791 2667 Grube,
811 2626 923 2670 1888.)

721 2760 823 2804 139
842 2754 1042 2820 (257¹>1—2).

122 2879 241 2928 1419,
270 2878 516 2923 December·
540 2883 608 2933 11,
635 2880 870 2925 Florence.
913 2881 1162 2925 Notarie'ele
1194 2881 1297 2925 akte
1331 2881 1592 2928 bevattende
1616 2896 1696 2928 een

62 2947 308 3005 omstandig
339 2949 514 3006 verslag
531 2962 635 2992 over
651 2950 728 2994 het
745 2949 1089 3008 beroepsgeding
1127 2951 1168 2994 in
1188 2951 1296 2996 zake
1319 2952 1517 2997 Nicolaas
1544 2952 1695 2997 Serru-
