2050 3470
293 309 335 340 :34
877 304 1012 338 ANNO
1040 304 1222 336 1175-1177

291 417 358 447 isto
376 417 433 447 vir
449 415 620 452 rusticus,
639 415 700 454 qui
720 415 979 446 auctoritatem
997 413 1235 453 officiumque
1258 412 1524 454 predicationis
1549 413 1698 445 sibimet
1722 420 1905 453 usurpare

292 472 461 503 indoctus
479 469 681 510 presumit?
715 484 729 494 ..
749 468 795 501 Et,
813 469 1018 500 fremebant
1038 468 1074 498 in
1093 476 1190 505 eum,
1211 476 1282 499 non
1301 467 1546 508 attendentes,
1565 467 1652 508 quia
1668 467 1823 508 spiritus
1840 467 1905 499 ubi

289 526 362 558 vult
382 526 509 567 spirat.
530 524 621 556 Sunt
640 532 798 563 namque
817 521 999 560 nonnulli,
1011 522 1073 562 qui
1090 522 1141 554 ita
1154 530 1222 563 per
1236 522 1494 563 magisterium
1509 522 1662 564 spiritus
1680 521 1904 553 intrinsecus

288 582 480 619 docentur,
495 585 532 611 ut
552 579 581 609 si
599 578 653 609 eis
670 578 835 610 exterius
853 577 1004 609 humani
1023 577 1230 618 magisterii
1248 575 1446 617 disciplina
1462 577 1571 615 desit,
1590 576 1761 619 magistri
1783 575 1906 608 intimi

289 644 446 668 censura
464 644 535 665 non
554 633 660 665 desit.
680 633 751 665 Sed
774 632 841 665 hec
867 633 911 664 ab
937 632 1094 663 infirmis
1112 631 1235 672 potius
1252 631 1463 664 veneranda
1479 633 1565 664 sunt
1584 640 1693 672 quam
1712 629 1905 669 imitanda,

289 700 346 727 ne,
372 690 458 721 dum
481 698 519 721 se
542 688 698 729 quisque
721 686 896 718 similiter
920 686 1060 727 Spiritu
1080 686 1214 719 Sancto
1244 685 1439 727 impletum
1472 687 1666 728 presumit,
1699 683 1905 726 discipulus

288 745 450 777 hominis
467 752 546 776 esse
565 742 746 783 despiciat
759 744 795 773 et
812 742 993 783 magister
1010 741 1150 773 erroris
1170 742 1244 773 liat.

333 798 611 831 Communicato
629 797 753 836 itaque
771 795 939 835 consilio,
959 794 1085 827 clerici
1104 795 1404 837 prenominatum
1427 795 1641 837 episcopum
1664 793 1907 836 Radulphum

288 854 437 891 adeunt,
456 852 518 893 qui
537 851 658 883 missis
675 849 875 882 clientibus
892 849 999 881 iussit
1016 858 1100 882 eum
1118 849 1396 890 comprehendi.
1416 849 1552 891 Igitur,
1570 858 1653 882 eum
1670 848 1710 881 hi
1728 849 1791 890 qui
1805 849 1908 881 missi

290 909 449 946 fuerant,
468 916 552 939 eum
575 915 641 947 per
665 904 860 937 ecclesiam
887 905 1012 936 sancte
1030 903 1149 936 Marie
1167 904 1360 945 sanctique
1385 904 1574 937 Lamberti
1597 903 1908 946 comprehensum

287 963 478 999 ‹lut-erent,
497 960 708 992 sacerdotes
725 958 874 999 quidam
898 960 934 990 ct
958 957 1099 997 clerici,
1131 958 1201 991 Dei
1225 959 1360 991 timore
1383 961 1420 991 et
1445 959 1656 992 reverentia
1678 957 1907 1000 postpositis,

288 1018 324 1049 in
354 1017 433 1058 ipsa
461 1016 617 1048 ecelesia
648 1015 685 1046 in
710 1023 794 1046 eum
819 1014 1019 1052 irruentes,
1045 1014 1121 1045 suis
1150 1022 1235 1046 eum
1263 1014 1451 1056 unguibus
1479 1014 1735 1056 inpingebant.
1763 1013 1908 1058 Erectis

288 1073 412 1112 itaque
441 1079 586 1103 sursum
618 1069 748 1107 oculis,
767 1069 932 1110 respexit
963 1069 1007 1100 ad
1041 1067 1159 1101 altare
1184 1069 1310 1101 sancte
1335 1068 1467 1110 Marie‚
1492 1071 1529 1101 et
1553 1069 1744 1110 productis
1769 1068 1814 1101 ab
1833 1068 1908 1100 imo

287 1128 437 1167 pectore
452 1125 634 1166 suspiriis,
655 1124 839 1165 ingemuit
856 1125 892 1155 ct
909 1123 1003 1155 dixit
1023 1132 1030 1155 :
1052 1137 1067 1149 ιι
1082 1123 1178 1162 Heu,
1196 1123 1282 1163 heu,
1301 1132 1387 1156 ecce
1402 1124 1481 1156 dies
1494 1124 1660 1163 veniunt,
1679 1132 1763 1155 cum
1779 1123 1908 1155 subtus

287 1184 322 1213 te
339 1182 476 1212 terram
495 1180 673 1212 effodient
696 1179 813 1220 porci,
839 1181 875 1211 et
893 1179 956 1219 qui
981 1177 1214 1211 inhonorem
1238 1179 1452 1211 sanctorum
1477 1187 1543 1211 ara
1567 1178 1737 1211 dedicata
1765 1186 1817 1217 ες,
1843 1186 1909 1211 ara

285 1244 481 1277 porcorum
507 1234 693 1266 efficieris.
715 1248 730 1260 n
761 1232 839 1270 Que
867 1234 996 1274 postea
1013 1233 1065 1265 sic
1083 1233 1261 1265 accidisse
1279 1234 1320 1265 ut
1337 1233 1553 1274 predixerat
1573 1242 1647 1265 non
1666 1233 1821 1265 dubium
1838 1234 1907 1266 est.

330 1290 422 1322 Nam
449 1288 683 1331 postmodum
708 1297 804 1320 anno
830 1289 874 1320 ab
900 1288 1157 1320 incarnatione
1185 1288 1335 1320 Domini
1361 1287 1444 1320 1185
1468 1288 1657 1328 sepedicta
1684 1286 1844 1320 ecclesia
1871 1288 1910 1320 in

285 1346 424 1378 honore
454 1346 579 1376 sancte
609 1343 729 1376 Marie
761 1343 955 1383 sanctique
985 1343 1174 1375 Lamberti
1206 1344 1424 1375 consecrata
1459 1343 1696 1376 concremata
1711 1344 1767 1376 est
1788 1345 1808 1376 4
1832 1342 1908 1376 kal.

286 1401 387 1438 Maii,
421 1400 480 1431 die
513 1409 584 1439 quo
619 1399 736 1431 sancti
773 1398 965 1430 Lamberti
999 1397 1213 1430 celebratur
1244 1397 1452 1430 translatio.
1487 1398 1544 1430 Ad
1575 1398 1735 1439 primam
1765 1397 1911 1432 scilicet

285 1456 479 1487 subsecuto
498 1454 615 1485 noctis
632 1452 802 1495 vigiliam
827 1453 926 1494 ignis
952 1461 1200 1494 prorumpens
1218 1461 1239 1484 a
1263 1453 1371 1484 domo
1396 1452 1601 1492 cuiusdam,
1626 1453 1909 1495 circumpositas

284 1511 424 1545 domos,
457 1508 590 1541 deinde
619 1507 823 1540 claustrum
851 1507 1148 1548 claustralesque
1177 1508 1345 1540 officinas
1376 1508 1535 1549 repente
1563 1508 1747 1549 corripuit
1778 1509 1817 1541 et
1847 1508 1908 1541 ab·

285 1565 437 1605 sumpsit
459 1564 567 1595 fluxis
584 1572 605 1595 a
622 1563 793 1604 passione
810 1563 909 1595 beati
927 1563 1117 1596 Lamberti
1135 1563 1241 1595 annis
1259 1563 1474 1604 quingentis
1488 1563 1701 1603 quindecim
1724 1562 1860 1602 minus,
1887 1569 1910 1592 a

285 1618 474 1661 presulatu
500 1627 586 1651 vero
615 1614 756 1650 domini
783 1617 936 1659 Nogcri,
967 1618 1030 1658 qui
1059 1626 1139 1650 eam
1165 1618 1385 1657 construxit,
1414 1617 1583 1650 ducentis
1617 1619 1654 1651 et
1680 1616 1905 1659 quindecim.

286 1675 391 1707 Unde
409 1683 536 1706 versus
553 1683 560 1705 ε

587 1727 705 1760 Annis
721 1727 919 1759 transactis
937 1736 958 1759 a
973 1726 1120 1759 Christo
1137 1726 1242 1759 mille
1259 1727 1429 1759 ducentis

589 1782 815 1815 Substractis
832 1784 890 1814 ter
907 1782 1084 1823 quinque,
1103 1782 1180 1814 ruit
1196 1781 1300 1814 locus
1317 1782 1388 1814 iste
1405 1790 1473 1823 per
1489 1782 1635 1824 ignem3

590 1838 700 1870 Festo
717 1837 850 1869 Vitalis
870 1838 1019 1869 Domini
1036 1837 1108 1869 suit
1123 1837 1218 1869 ultio
1236 1837 1333 1870 talis.

327 1893 567 1933 Nimiumque
584 1892 802 1924 demoniaca
819 1892 1074 1933 exagitatione
1091 1890 1361 1924 invalescentes
1380 1891 1528 1924 flamme
1552 1891 1629 1931 tuo,
1648 1892 1775 1924 sancte
1800 1891 1906 1924 Lam-

285 1949 400 1987 berte,
430 1947 656 1979 monasterio
686 1946 889 1978 incubuere
918 1947 953 1977 et
986 1947 1096 1984 tecta,
1129 1945 1297 1986 quamvis
1329 1946 1535 1977 convestita
1564 1944 1717 1986 plumbo
1748 1943 1907 1987 diligen-

284 2003 438 2040 tissime,
471 2002 670 2041 ambasque
698 2002 821 2032 turres
848 2009 990 2032 necnon
1027 1999 1210 2041 palatium
1242 2001 1348 2032 vetus
1381 2009 1464 2032 cum
1498 1999 1657 2032 ecclesia
1694 2000 1907 2032 sanctarum

282 2058 471 2099 virginum
496 2055 759 2096 nonnullisque
784 2056 926 2087 circum
950 2055 1208 2088 mansionibus
1232 2055 1379 2096 ingenti
1405 2055 1701 2096 conflagratione
1725 2056 1763 2087 et
1797 2055 1908 2087 ruina

281 2112 463 2144 deiecere.
486 2110 582 2144 Heu!
600 2111 681 2151 quis
701 2119 772 2141 non
791 2109 930 2148 dolere,
949 2109 1040 2141 heu!
1057 2109 1139 2150 quis
1154 2118 1175 2141 a
1192 2108 1357 2141 lacrimis
1371 2109 1408 2141 et
1425 2109 1565 2150 gemitu
1582 2109 1770 2141 abstinere
1785 2109 1907 2150 potuit

283 2175 395 2207 super
411 2167 474 2197 tua
496 2166 703 2201 eversione.
722 2174 742 2195 o
761 2164 890 2196 domus
908 2163 1128 2196 excellentis
1146 2164 1396 2196 fabricature!
1418 2163 1446 2196 Ο
1465 2162 1601 2195 nobilis
1619 2164 1730 2204 atque
1747 2162 1906 2195 illustris

283 2221 454 2259 eet-lesia,
473 2219 572 2251 clero
598 2219 893 2251 institutionibus
910 2218 1037 2250 multis
1051 2219 1263 2260 insignibus
1282 2218 1467 2260 gloriosa!
1487 2217 1583 2250 Ecce
1600 2218 1725 2250 divino
1744 2217 1907 2259 qualiter

283 2284 459 2318 percussa
502 2284 540 2307 es
578 2275 716 2315 judicio
734 2276 740 2305 3
776 2274 871 2306 Ecce
904 2274 1120 2305 sonoritatis
1157 2275 1268 2314 atque
1307 2273 1515 2305 dulcedinis
1555 2273 1664 2305 unice
1696 2273 1735 2305 in
1766 2274 1907 2306 terram

283 2339 460 2371 campane
477 2330 744 2362 descendentes
762 2329 951 2361 confracte
969 2329 1073 2360 sunt!
1095 2328 1285 2360 Marmora
1301 2328 1504 2369 pavimenti
1522 2327 1754 2369 spectabilia,
1774 2327 1908 2369 collap-

284 2394 408 2417 sarum
451 2384 548 2416 mole
590 2384 753 2416 trabium
793 2383 1019 2422 minutatim,
1059 2383 1232 2424 protrita,
1272 2382 1385 2414 nullis
1424 2382 1498 2414 iam
1539 2391 1619 2415 esse
1654 2383 1782 2415 usibus
1820 2383 1907 2424 apta

284 2440 516 2472 estimantur.
537 2440 705 2478 Auguste
731 2438 969 2478 operositatis
995 2445 1147 2478 corona,
1172 2446 1243 2477 que
1259 2437 1445 2478 pendebat
1461 2437 1500 2468 in
1517 2436 1639 2468 medio
1664 2437 1905 2476 monasterio,

284 2495 369 2526 dum
403 2493 645 2525 tumultuarie
674 2494 710 2523 ct
738 2492 873 2533 raptim
905 2491 1116 2532 deponitur,
1151 2492 1267 2523 immo
1299 2491 1472 2530 deicitur,
1491 2490 1694 2532 plurimum
1728 2491 1908 2532 dissipata

284 2551 350 2581 est.
371 2548 594 2580 Lcctrieium
628 2556 718 2579 auro
745 2548 781 2578 et
803 2547 961 2589 gemmis
985 2546 1165 2587 preciosis
1187 2545 1389 2587 insigniter
1405 2546 1653 2577 fabrefactum
1669 2546 1907 2588 exportatum

285 2605 340 2635 est
364 2603 525 2643 quidem,
555 2602 619 2634 sed
644 2602 688 2633 de
714 2601 804 2642 ipsis
830 2601 988 2643 gemmis
1016 2600 1162 2642 perdite
1191 2601 1277 2632 sunt
1306 2600 1586 2641 prestantiores.
1619 2600 1788 2642 Denique
1816 2601 1906 2642 quid

284 2666 499 2695 memorem,
518 2656 636 2689 altare
655 2658 780 2688 sancte
806 2656 1002 2689 Trinitatis
1026 2655 1174 2696 aliaque
1199 2656 1413 2687 sanctorum
1438 2654 1573 2688 altaria
1593 2655 1709 2688 fuisse
1733 2655 1905 2688 incendio

285 2711 463 2743 demolita
489 2714 525 2743 et
556 2711 714 2743 violata?
745 2711 846 2744 Adeo
872 2712 960 2743 tunc
985 2710 1144 2742 invaluit
1171 2709 1323 2749 Sathan,
1356 2710 1448 2742 adeo
1474 2710 1563 2742 tunc
1586 2710 1755 2742 invectus
1783 2709 1840 2742 est
1866 2709 1905 2741 in

285 2767 538 2798 sanctuarium
571 2767 638 2798 Dei
671 2765 735 2798 ille
768 2766 904 2798 nebulo
937 2764 1172 2807 gehennalis,
1210 2764 1275 2797 ille
1312 2773 1399 2796 osor
1435 2764 1654 2797 sanctitatis.
1689 2763 1905 2806 Principale

284 2824 426 2853 tantum
444 2821 576 2861 altare,
589 2821 687 2861 quod
701 2822 781 2853 erat
798 2822 924 2853 sancte
942 2821 1011 2853 Dei
1028 2820 1224 2862 genitricis
1238 2819 1371 2859 Marie,
1391 2819 1528 2852 mansit
1540 2818 1906 2852 intemeratumNec

284 2876 383 2907 enim
399 2876 575 2908 temerari
594 2876 715 2916 potuit
732 2876 891 2914 flamma,
911 2875 1009 2916 quod
1029 2876 1132 2907 tanta
1148 2874 1267 2907 voluit
1285 2882 1511 2906 conservare
1529 2875 1699 2915 patrona.
1719 2873 1852 2906 Nonne
1868 2874 1907 2906 et

283 2930 364 2971 ipsa
388 2939 490 2962 suam
519 2927 742 2962 mirabiliter
767 2930 1000 2962 conservavit
1023 2928 1221 2962 ecclesiam
1237 2927 1538 2970 parrochialem?
1562 2928 1687 2961 Instar
1703 2927 1904 2962 chaldaice

282 2985 457 3024 fornacis,
490 2985 527 3016 in
552 2994 625 3025 qua
653 2984 742 3016 olim
770 2985 846 3016 tres
878 2993 1013 3025 pucros
1041 2984 1255 3016 coniecerat
1287 2984 1482 3025 tyrannus,
1517 2982 1707 3016 horrenda
1737 2982 1903 3024 undique
