2050 3470
286 311 349 345 164
970 305 1107 339 ANNO
1133 304 1216 337 1307

282 424 368 456 ante
391 418 517 454 secula
547 417 664 451 multa
687 417 855 460 predicta
877 416 963 449 sunt
991 416 1067 448 tam
1083 422 1283 458 grecorum
1318 423 1428 456 quam
1453 413 1658 447 latinorum
1682 413 1721 447 et
1744 412 1905 447 aliorum

280 476 455 520 gencium
485 473 592 506 libris
622 472 820 513 continerj.
854 470 977 511 xxxvij
1013 470 1064 503 di.
1094 470 1159 511 qui
1201 469 1256 503 De
1282 479 1424 503 mensa.
1460 469 1558 502 Hinc
1586 468 1820 511 Augustinus
1858 468 1906 502 ad

278 529 574 565 Alexandrinum
597 527 780 570 optimum
797 536 805 559 :
832 525 1005 565 Locucio,
1026 525 1160 567 inquit,
1173 525 1391 558 diuinarum
1407 524 1680 566 scripturarum
1695 523 1900 557 secundum

277 584 478 619 cuiuslibet
510 583 640 625 lingue
670 582 940 624 proprietatem
964 580 1183 622 accipienda
1211 581 1296 621 est3
1322 579 1436 612 habet
1461 579 1561 612 enim
1592 578 1747 620 propria
1781 578 1902 611 omnis

276 642 406 683 lingua
419 639 655 671 locucionum
672 645 813 680 genera
829 636 967 677 xxxviij
987 636 1036 668 di.
1069 635 1230 669 Locucio
1248 634 1358 677 palea
1384 636 1440 668 est
1456 645 1464 676 ;
1488 634 1587 668 unde
1605 642 1674 666 nec
1695 633 1781 675 jure
1799 632 1902 666 civili

275 696 444 734 interest,
457 695 584 726 utrum
600 692 731 735 lingua
747 700 860 734 greca
881 690 940 724 vel
966 691 1090 733 syrica
1106 690 1164 724 vel
1182 690 1257 723 alia
1285 690 1367 731 quis
1392 689 1594 732 stipuletur
1612 689 1651 721 ff.
1669 688 1719 721 di.
1737 698 1772 721 v.
1791 689 1854 722 ob.
1871 688 1897 721 l.

276 750 306 783 1.
332 751 366 790 g.
385 749 517 782 ultimo
533 747 632 781 Justz·
662 756 694 780 e.
709 747 749 779 ti.
775 747 809 787 g.
846 745 976 778 Utrum
1003 750 1141 778 autem.
1171 744 1445 787 Interpretacio
1463 745 1564 777 enim
1593 743 1811 786 linguarum
1842 743 1900 777 est

273 804 432 838 multum
449 804 640 836 fructuosa
655 802 702 835 ad
719 802 832 835 fidem
847 812 856 843 ς
876 801 959 835 ideo
977 801 1016 834 in
1038 801 1153 834 certis
1169 801 1304 842 studiis
1322 800 1460 833 debent
1482 808 1564 833 esse
1581 799 1754 841 magistri
1769 799 1903 832 docen-

273 862 329 894 tes
352 859 501 902 linguas
527 858 767 899 hebraycam,
792 857 984 890 arabicam
1001 858 1040 889 et
1063 855 1283 898 chaldeam3
1311 855 1357 889 de
1381 855 1575 898 magistris
1599 864 1631 887 c.
1656 853 1697 886 in
1721 852 1903 887 Clement.

317 915 373 950 Ad
390 915 573 956 quintum,
599 914 725 946 utrum
742 911 853 945 simul
870 911 1127 945 habitantibus
1155 911 1268 944 liceat
1303 919 1343 944 se
1373 910 1537 943 inuicem
1554 909 1748 942 caritative
1765 917 1901 941 ammo-

273 979 363 1003 nere
387 970 425 1002 et
447 969 650 1010 corripere,
669 967 739 1000 1100
757 968 813 1000 est
830 975 989 1008 querere
1006 968 1118 1008 prout
1132 966 1224 999 mihi
1243 966 1406 1005 videtur,
1424 966 1552 998 utrum
1574 965 1743 998 fraterna
1755 971 1901 997 correc-

275 1025 327 1057 tio
351 1024 459 1057 cadat
471 1024 537 1056 sub
556 1023 746 1064 precepto.
774 1020 894 1064 Super
909 1021 981 1054 hoe
995 1021 1017 1054 J
1022 1020 1085 1053 oh.
1102 1021 1141 1054 in
1166 1030 1311 1054 summa
1327 1021 1427 1053 conf.
1444 1020 1485 1052 ti.
1505 1019 1551 1052 de
1565 1018 1735 1052 doctrina
1751 1018 1846 1051 ordi.
1865 1027 1901 1060 q.

272 1080 310 1122 iij
329 1078 533 1113 secundum
546 1078 728 1111 Thomam
752 1077 790 1109 in
802 1076 854 1109 2a,
872 1075 922 1109 2⁹.
939 1086 974 1118 q.
994 1077 1113 1118 xxxiij
1134 1085 1188 1109 ar.
1203 1076 1242 1117 ij.
1258 1076 1348 1108 dicit
1367 1075 1466 1116 quod
1491 1074 1568 1115 sic;
1596 1074 1696 1106 unde
1719 1072 1902 1116 Augusti-

270 1144 339 1168 nus
363 1135 401 1167 in
414 1134 510 1166 libro
528 1134 574 1166 de
590 1133 714 1166 verbis
732 1132 882 1165 Domini
897 1143 904 1165 :
932 1132 971 1165 Si
988 1131 1203 1174 neglexeris
1221 1132 1429 1174 corrigere,
1452 1130 1559 1172 peior
1576 1139 1619 1163 eo
1638 1138 1677 1163 es
1693 1130 1815 1162 factus
1834 1129 1899 1171 qui

268 1188 446 1232 peccavit.
467 1187 539 1220 Sed
562 1188 687 1220 tamen
716 1186 804 1227 quia
822 1187 1042 1227 preceptum
1061 1186 1288 1218 affirmatum
1314 1186 1383 1225 est,
1404 1195 1479 1218 non
1504 1184 1649 1228 obligat
1672 1184 1719 1217 ad
1735 1193 1897 1226 semper,

271 1244 336 1277 sed
352 1252 419 1285 pro
444 1242 526 1275 1000
558 1243 595 1275 et
622 1242 791 1283 tempore
815 1241 1019 1273 secundum
1043 1241 1307 1274 convenientes
1333 1241 1371 1273 et
1401 1240 1546 1273 debitas
1570 1239 1899 1280 circumstancias3

271 1300 308 1333 et
325 1298 459 1331 deinde
475 1297 603 1339 paucis
615 1296 848 1338 interpositis
865 1296 1006 1328 subdit:
1027 1295 1187 1329 Omissio
1205 1296 1299 1336 eius,
1317 1295 1453 1337 inquit,
1472 1295 1718 1328 correctionis
1733 1295 1901 1328 fraterne

269 1352 471 1395 tripliciter
486 1353 528 1384 fit
543 1362 550 1384 :
576 1361 650 1385 uno
668 1351 829 1393 quodam
860 1351 969 1383 modo
997 1351 1205 1391 meritorie,
1234 1360 1321 1384 nam
1339 1350 1545 1383 secundum
1558 1349 1811 1393 Augustinum
1825 1349 1900 1391 iijo.

269 1409 315 1442 de
328 1408 478 1441 civitate
496 1407 565 1440 Dei
584 1417 591 1438 :
618 1406 656 1439 Si
669 1407 871 1448 propterea
887 1406 1056 1448 quisquis
1074 1406 1282 1449 obiurgans
1301 1407 1338 1439 et
1357 1406 1567 1448 corripiens
1584 1405 1683 1439 male
1699 1405 1899 1447 agentibus

270 1464 403 1505 parcit,
443 1463 531 1504 quia
564 1461 785 1504 oportunius
809 1462 978 1503 tempore
1000 1461 1158 1502 inquirit
1189 1461 1248 1494 vel
1288 1462 1334 1494 de
1365 1461 1419 1494 eis
1462 1471 1553 1503 quos
1581 1461 1773 1503 corripere
1805 1459 1897 1500 vult,

267 1518 402 1551 metuit
417 1526 463 1550 ne
479 1517 687 1550 deteriores
704 1516 927 1555 efficiantur,
953 1515 1011 1548 vel
1037 1526 1083 1549 ne
1104 1516 1150 1549 ad
1168 1517 1304 1549 bonam
1321 1516 1442 1549 uitam
1459 1515 1685 1549 erudiendos
1701 1514 1896 1557 impediat,

268 1582 343 1605 non
365 1572 514 1605 videtur
536 1572 589 1604 ibi
614 1580 695 1604 esse
719 1571 935 1613 cupiditatis
954 1571 1115 1611 occasiO,
1143 1571 1207 1605 sed
1236 1571 1366 1613 pocius
1393 1570 1594 1603 consilium
1610 1570 1792 1603 caritatis.
1809 1569 1896 1604 Alio

268 1627 378 1661 modo
396 1627 582 1660 omittitur
605 1626 800 1668 correpcio
825 1635 910 1658 cum
938 1627 1091 1667 peccato
1123 1625 1287 1666 mortali,
1315 1625 1415 1667 quod
1446 1625 1607 1668 contigit
1630 1624 1777 1666 quando
1811 1623 1895 1665 quis

271 1681 518 1724 probabiliter
541 1681 735 1724 presumit,
751 1681 849 1722 quod
866 1681 912 1714 ad
929 1681 1010 1714 eius
1026 1681 1278 1714 monicionem
1293 1681 1413 1714 frater
1429 1681 1699 1723 corrigeretur,
1717 1680 1755 1713 et
1769 1679 1896 1713 tamen

271 1738 426 1779 propter
440 1737 615 1770 timorem
631 1736 692 1770 uel
705 1736 950 1778 cupiditatem
974 1736 1177 1770 omitteret.
1194 1737 1249 1769 De
1265 1736 1338 1769 isto
1351 1735 1472 1769 eciam
1485 1735 1657 1778 superius
1673 1735 1816 1768 dictum
1837 1734 1896 1767 est

269 1792 309 1825 in
331 1802 365 1826 v.
380 1793 426 1825 ad
442 1793 657 1826 secundum.
672 1791 808 1825 Tercio
826 1791 936 1824 modo
954 1791 1169 1824 huiusmodi
1185 1792 1336 1824 omissio
1355 1792 1411 1824 est
1427 1791 1623 1833 peccatum
1638 1789 1797 1824 veniale.
1812 1789 1894 1822 Hoc

270 1848 467 1890 contingit,
481 1848 627 1889 quando
652 1847 765 1880 timor
782 1848 818 1881 et
842 1847 1027 1888 cupiditas
1044 1847 1188 1880 faciunt
1211 1847 1377 1888 aliquem
1401 1846 1607 1879 tardiorem
1633 1845 1679 1878 ad
1702 1845 1895 1888 corrigen-

266 1902 355 1935 dum
382 1903 509 1936 debita
538 1903 667 1936 fratris
695 1903 733 1936 et
764 1902 835 1935 hoc
863 1902 971 1934 modo
1003 1902 1076 1935 viri
1102 1903 1220 1935 sancti
1248 1902 1439 1935 interdum
1462 1901 1533 1934 hoc
1550 1900 1767 1943 negligunt.
1784 1899 1894 1933 Unde

266 1957 499 2000 Augustinus
530 1957 569 1990 in
597 1956 663 1989 lib.
688 1956 734 1990 de
751 1956 905 1989 ciuitate
929 1956 1000 1989 Dei
1024 1956 1128 1998 dicit,
1147 1957 1246 1998 quod
1265 1966 1340 1989 non
1364 1956 1487 1989 solum
1517 1956 1732 1998 inferioreS‚
1759 1964 1893 1989 verum

267 2012 387 2045 eciam
402 2012 468 2053 hij,
483 2012 548 2053 qui
571 2012 804 2054 superiorem
827 2012 902 2044 vite
918 2011 1078 2053 gradum
1093 2012 1277 2054 optinent,
1296 2012 1341 2044 ab
1360 2011 1523 2045 aliorum
1538 2010 1834 2054 reprehensione
1851 2018 1892 2044 se

267 2067 456 2100 abstinent
470 2069 625 2110 propter
641 2067 855 2109 cupiditatis
872 2066 1033 2107 vincula,
1053 2077 1127 2100 11011
1144 2068 1269 2101 officia
1286 2068 1467 2101 caritatis.
1484 2068 1529 2101 In
1545 2067 1619 2109 hijs
1636 2067 1725 2101 satis
1740 2076 1892 2100 concor-

271 2121 334 2154 dat
347 2121 530 2155 Henricus
543 2123 646 2165 Boyc
661 2123 706 2155 de
723 2122 824 2155 testi.
842 2120 889 2154 In
906 2122 1007 2155 omni
1020 2122 1069 2154 di.
1088 2122 1128 2164 ij.

310 2177 368 2210 Ad
384 2179 531 2211 sextum
547 2178 768 2220 respondeo,
787 2177 886 2218 quod
909 2177 1021 2209 certis
1049 2177 1198 2210 statutis
1229 2177 1333 2211 horis
1365 2177 1467 2212 licite
1491 2154 1685 2211 laboribus
1710 2186 1889 2210 manuum

268 2240 421 2265 suarum
443 2241 576 2265 vacare
598 2233 764 2275 possunt.
782 2232 849 2264 Est
865 2231 1015 2273 quidem
1032 2231 1103 2264 hoc
1119 2231 1310 2266 laudabile
1331 2235 1368 2267 et
1387 2235 1559 2267 sanctum
1575 2242 1695 2276 genus
1711 2233 1889 2266 vivendi·
1880 2258 1890 2275 ‚

268 2288 371 2328 patet
394 2287 433 2319 in
457 2286 622 2329 psalmo:
663 2287 827 2320 Labores
851 2295 1029 2319 manuum
1052 2288 1225 2329 tuarum3
1252 2289 1342 2330 quia
1376 2289 1632 2329 manducabis,
1671 2289 1803 2322 beatus
1839 2297 1891 2328 es,

270 2343 341 2376 etc.
366 2342 413 2375 Et
428 2342 498 2375 hoc
514 2342 713 2384 presertim
729 2343 884 2384 propter
899 2342 971 2374 duo
991 2352 998 2374 :
1018 2342 1152 2384 primo,
1168 2352 1215 2376 ne
1233 2344 1314 2377 ocio
1329 2346 1504 2387 torpeant
1521 2355 1529 2386 ς
1549 2353 1636 2377 nam
1662 2344 1837 2377 ociositas
1854 2344 1891 2377 et

268 2397 439 2439 voluptas
466 2399 551 2430 sunt
567 2406 672 2430 arma
687 2397 832 2438 antiqui
855 2397 972 2430 hostis
996 2398 1043 2430 ad
1060 2398 1216 2431 miseras
1252 2400 1396 2433 animas
1424 2400 1683 2442 captiuandas.
1704 2400 1759 2432 De
1783 2408 1891 2433 renu.

269 2460 301 2485 c.
327 2449 410 2485 Nisi
439 2461 524 2484 cum
542 2450 693 2494 pridem
715 2452 737 2492 ἓ
769 2451 916 2485 Verum.
951 2453 1006 2485 De
1024 2452 1095 2486 hoc
1122 2463 1182 2486 no.
1213 2454 1298 2487 Ber.
1325 2455 1379 2488 ibi
1402 2464 1557 2488 versus:
1586 2454 1678 2488 Ocia
1704 2454 1737 2487 si
1763 2453 1888 2494 tollas,

268 2506 416 2548 periere
449 2507 635 2549 cupidinis
674 2508 788 2540 artus.
819 2506 996 2546 Queritur
1034 2507 1201 2550 Egistus,
1244 2518 1360 2550 quare
1401 2509 1451 2542 sit
1484 2510 1606 2542 factus
1648 2508 1804 2543 adulter.
1845 2509 1890 2542 111

268 2562 443 2603 promptu
459 2571 592 2594 causa:
618 2562 825 2595 desidiosus
852 2564 944 2596 erat.
964 2562 1071 2596 Unde
1094 2563 1338 2597 Jheronimus
1364 2565 1410 2598 ad
1427 2565 1611 2598 rusticum
1632 2563 1858 2598 monachum
1875 2573 1884 2597 :

267 2616 422 2658 Semper
445 2616 585 2657 aliquid
609 2617 733 2659 operis
756 2618 882 2657 facito,
915 2619 956 2650 ut
984 2619 1020 2650 te
1048 2618 1230 2660 dyabolus
1260 2619 1430 2653 inueniat
1467 2620 1684 2662 occupatus.
1716 2619 1765 2652 Et
1790 2619 1889 2652 sicut

267 2670 367 2704 idem
391 2671 414 2704 J
418 2671 634 2704 heronimus
658 2673 732 2705 ait:
752 2673 981 2706 Monasteria
1006 2673 1251 2716 Egipciorum
1274 2674 1320 2707 de
1338 2684 1405 2707 suo
1422 2683 1524 2708 more
1548 2675 1737 2708 neminem
1757 2674 1889 2708 admit-

266 2726 350 2758 tunt
366 2726 505 2768 absque
529 2736 642 2769 opere
659 2730 696 2760 et
722 2727 864 2768 labore,
882 2729 924 2760 ut
947 2728 1000 2760 sic
1016 2737 1038 2761 a
1054 2729 1280 2770 perniciosis
1307 2730 1605 2773 cogitacionibus
1631 2728 1887 2763 retrahantur.

268 2780 348 2814 Hec
363 2782 491 2823 patent
508 2783 553 2815 de
570 2791 692 2815 conse.
711 2783 760 2815 di.
780 2793 814 2815 v.
840 2783 1058 2826 Nunquam.
1086 2782 1182 2817 Hinc
1207 2783 1382 2818 Salomon
1400 2794 1409 2818 :
1437 2785 1598 2827 Propter
1625 2785 1748 2827 frigus
1777 2783 1889 2826 piger

269 2845 378 2870 arare
402 2837 548 2879 noluit3
580 2838 807 2871 mendicabit
837 2847 927 2881 ergo
960 2840 1093 2882 estate,
1123 2840 1162 2873 et
1192 2849 1266 2872 non
1293 2840 1444 2874 dabitur
1481 2841 1528 2874 ei.
1559 2840 1753 2874 Proverbi.
1782 2845 1886 2873 xxx0.

268 2891 443 2933 capitulo,
468 2893 506 2926 et
528 2892 725 2926 mulierem
740 2894 890 2936 fortem,
918 2894 1023 2927 cuius
1041 2894 1151 2937 digiti
1167 2895 1292 2929 fusum
1319 2895 1620 2938 apprehendunt,
1649 2894 1884 2928 commenda-

269 2947 340 2979 tur.
359 2947 553 2981 Proverbi.
572 2954 676 2981 xxx0.
695 2949 857 2991 capitulo
870 2949 1045 2990 secundo,
1063 2958 1111 2983 ne
1135 2949 1217 2992 alijs
1241 2951 1391 2984 onerosi
1412 2951 1586 2984 existant.
1607 2950 1715 2984 Unde
1731 2949 1887 2992 aposto-

267 2999 325 3034 lus
337 3003 498 3045 proprijS
514 3004 684 3038 manibus
699 3004 908 3047 laborabat,
925 3006 967 3038 ut
989 3004 1113 3039 locum
1128 3005 1348 3048 predicandi
1372 3005 1694 3049 pseudoapostolis
1711 3005 1881 3041 auferret
