2050 3470
761 235 899 271 ANNO
925 235 1010 269 1423
1627 238 1688 272 251

53 349 268 393 Mersault
291 349 328 404 ?)
351 362 404 392 en
428 362 497 392 om
521 348 622 392 hem
645 362 728 392 aan
753 350 797 392 te
820 362 979 405 sporen
1014 348 1104 393 niet
1138 348 1278 392 alleen
1314 348 1358 391 in
1394 350 1470 393 het
1509 350 1691 407 vervolg

54 418 139 463 den
159 417 359 474 bisschop
378 431 431 461 en
455 419 532 462 het
555 418 742 475 kapittel
765 418 809 461 in
827 418 903 462 het
936 418 1149 462 uitroeien
1185 431 1268 461 van
1292 417 1376 461 alle
1408 418 1572 462 andere
1594 417 1690 462 ket-

53 490 146 532 ters
169 490 212 530 te
234 486 396 544 blijven
420 486 597 544 helpen,
634 500 756 530 maar
773 486 854 530 ook
878 487 929 530 de
951 501 1092 544 eogen
1115 490 1158 530 te
1195 486 1346 530 willen
1381 487 1540 531 sluiten
1565 501 1616 544 op
1639 487 1691 530 de

53 555 441 613 tekortkomingen
465 555 542 599 der
563 556 731 600 slechte
764 556 1050 614 geestelijken
1075 569 1128 599 en
1163 556 1304 599 alleen
1342 556 1393 600 de
1427 557 1592 614 goeden
1626 559 1692 602 tot

52 624 288 670 voorbeeld
311 628 355 669 te
379 639 552 670 nemen.

95 720 308 764 (Martium,
323 719 410 763 etc.)
427 720 585 754 Dilectis
606 721 710 763 filiis,
727 723 801 755 etc.

98 776 155 810 Ex
172 776 325 818 litteris,
343 785 436 817 quas
452 785 573 818 nuper
586 777 798 819 recepimus
824 785 846 810 a
862 777 1067 810 venerabili
1087 778 1206 810 fratre
1225 778 1353 810 nostro
1371 777 1395 811 J
1399 786 1532 819 oanne,
1549 779 1696 813 Torna-

56 832 158 865 censi
196 831 386 873 episcopo,
416 833 567 873 pastore
598 833 736 871 vestro,
770 831 1027 865 intelleximus
1063 833 1312 865 constantiam
1347 833 1511 866 vestram
1548 835 1586 867 in
1623 835 1695 869 fide

56 886 243 920 catholica
266 886 418 919 Domini
450 887 569 919 nostri
593 887 685 920 Jesu
712 886 851 920 Christi
876 889 915 920 et
938 887 1139 927 iusticiam,
1169 897 1281 929 quam
1313 887 1539 922 adhibuistis
1567 890 1606 923 in
1630 900 1695 932 pu-

58 930 195 975 niendo
213 950 390 983 perverso
420 941 486 974 illo
518 941 724 981 haeretico,
739 943 803 983 qui
829 951 972 975 veneno
997 951 1086 976 suae
1111 943 1321 984 iniquitatis
1348 944 1550 985 inquinare
1582 947 1697 979 corda

57 997 184 1031 vestra
207 996 460 1037 moliebatur3
484 1006 596 1038 quem
624 1007 688 1029 vos
712 1006 780 1039 pro
810 998 955 1031 meritis
983 998 1214 1040 pertinaciae
1241 1007 1331 1031 suae
1359 999 1474 1042 digno
1511 1001 1695 1042 supplicio

58 1052 229 1086 affecisse
253 1061 321 1084 nos
337 1052 501 1085 maxime
519 1053 848 1093 co1nmendamus3
877 1053 1017 1085 bonum
1042 1053 1142 1085 enim
1160 1063 1253 1095 opus
1277 1054 1424 1096 operati
1449 1055 1539 1087 estis
1557 1057 1594 1088 et
1611 1057 1696 1099 dig-

58 1117 148 1141 num
165 1108 339 1140 mercede
357 1108 525 1140 aeterna.
545 1107 622 1140 Nos
639 1109 764 1141 autem
782 1116 926 1141 summe
954 1107 1141 1141 laetamur
1167 1109 1205 1140 in
1225 1109 1384 1142 Domino
1410 1110 1553 1143 tantam
1580 1111 1697 1145 fuisse

57 1163 297 1196 devotionem
310 1164 485 1202 vestram,
504 1163 647 1196 tantam
664 1164 876 1196 vestrarum
893 1163 1075 1196 mentium
1093 1164 1363 1204 sinceritatem,
1379 1166 1523 1198 tantam
1540 1166 1697 1200 tutelam

58 1218 161 1258 fidei,
199 1219 254 1258 ut,
279 1218 434 1259 reJectis
463 1217 567 1251 illius
599 1217 736 1260 perfidi
768 1217 887 1250 hostis
925 1219 1088 1251 nominis
1120 1218 1257 1252 Christi
1286 1219 1392 1252 falsis
1427 1221 1634 1262 erroribus,
1660 1225 1700 1256 et

57 1282 282 1316 permanere
314 1275 531 1307 constantes
549 1274 647 1306 sicut
665 1274 774 1307 decet
799 1274 917 1306 bonos
941 1273 1187 1307 Christicolas
1212 1275 1251 1307 in
1276 1277 1381 1308 recta
1412 1276 1485 1309 fide
1502 1276 1698 1310 volueritis

58 1331 97 1363 et
112 1328 221 1362 illum
237 1328 396 1371 impium
421 1330 534 1370 atquc
559 1328 751 1362 infidelem
780 1329 942 1371 punire3
968 1330 1015 1363 de
1043 1339 1116 1370 quo
1149 1330 1254 1362 vobis
1278 1340 1325 1363 ex
1354 1331 1466 1364 corde
1492 1332 1698 1376 condignas

58 1385 202 1427 gratias
227 1384 388 1427 agimus,
408 1393 500 1426 quas
519 1385 653 1417 reddet
676 1385 783 1416 vobis
808 1384 1004 1417 uberiores
1022 1384 1087 1418 ille
1105 1386 1277 1418 cordium
1301 1385 1512 1419 illustrator
1529 1389 1568 1420 et
1586 1388 1698 1420 bono-

58 1449 144 1473 rum
162 1440 330 1472 omnium
354 1440 565 1473 retributor
583 1439 779 1480 Dominus,
804 1439 843 1472 in
861 1440 967 1481 cujus
992 1448 1105 1473 causa
1137 1441 1213 1473 tam
1242 1443 1370 1474 sancte
1392 1442 1469 1475 tam
1485 1443 1546 1485 pic
1568 1443 1698 1477 elabo-

58 1494 186 1528 rastis.

104 1550 176 1584 Sed
201 1550 392 1592 quoniam,
422 1550 519 1583 sicut
550 1551 674 1593 inquit
697 1550 859 1591 Veritas,
879 1560 953 1583 non
971 1551 1034 1592 qui
1052 1551 1206 1594 incepit,
1225 1552 1291 1585 sed
1315 1553 1379 1594 qui
1402 1555 1703 1595 perseveraverit

59 1614 177 1648 usque
194 1605 233 1638 in
251 1606 377 1646 finem,
403 1605 464 1639 hic
499 1606 624 1639 salvus
656 1606 743 1648 erit,
761 1606 846 1639 ideo
881 1616 949 1639 nos
977 1606 1158 1648 tanquam
1189 1606 1374 1640 sollicitus
1402 1607 1568 1642 filiorum
1595 1612 1704 1651 pater

58 1662 218 1704 paterna
231 1661 430 1694 affectione
448 1670 646 1694 monemus
660 1664 698 1694 et
712 1661 959 1694 exhortamur
975 1671 1045 1703 per
1060 1662 1275 1703 passionem
1290 1662 1494 1697 Salvatoris
1512 1666 1645 1705 nostri,
1663 1667 1706 1698 ut

58 1717 157 1749 sicut
169 1715 351 1749 hactonus
369 1716 465 1750 bene
482 1717 521 1750 et
539 1716 786 1750 laudabiliter
802 1717 949 1759 egistis,
975 1717 1029 1750 ita
1044 1717 1222 1759 deinceps
1240 1719 1321 1751 sitis
1339 1718 1493 1752 solliciti
1507 1721 1553 1753 ad
1571 1720 1705 1754 tollen-

58 1772 148 1805 dum
161 1772 207 1805 de
223 1772 348 1805 medio
363 1773 531 1805 vestrum
548 1772 734 1812 funditus,
755 1772 786 1805 si
803 1773 887 1813 quis
904 1774 1004 1805 esset
1020 1781 1164 1805 veneno
1182 1772 1294 1815 hujus
1312 1774 1503 1815 nequitiae
1528 1775 1704 1816 infectus,

57 1828 101 1860 ut
125 1827 250 1869 potius
278 1828 491 1860 membrum
523 1828 718 1869 putridum
751 1829 884 1870 pereat
919 1837 1031 1869 quam
1059 1829 1179 1861 totum
1211 1838 1374 1870 corpus;
1401 1831 1514 1872 atquc
1539 1831 1703 1865 assistite

57 1882 234 1924 episcopo
251 1874 376 1915 vestro
395 1883 433 1916 et
449 1883 629 1925 capitulo,
645 1884 873 1924 praebentes
890 1884 1055 1925 primum
1073 1884 1192 1923 cis,ut
1209 1884 1331 1925 decet,
1347 1885 1512 1918 debitam
1530 1895 1702 1920 reveren-

58 1938 151 1971 tiam
164 1947 207 1970 ac
224 1938 465 1971 devotionem
482 1947 526 1971 ac
543 1939 746 1972 reddentes
763 1947 821 1979 ea,
842 1948 938 1980 quae
963 1940 1050 1971 sunt
1069 1939 1154 1981 Dei,
1180 1940 1259 1973 Deo
1279 1951 1288 1981 ;
1318 1940 1455 1974 deinde
1480 1941 1705 1976 adhibentes

59 1993 203 2026 eisdem
234 1993 420 2026 auxilium
447 1995 486 2026 et
516 1995 699 2034 favorem,
736 1996 778 2027 ut
810 1994 1004 2027 mediante
1043 1993 1186 2037 (opere)
1225 1996 1350 2028 vestro
1386 1999 1573 2039 purgetur
1598 1998 1708 2032 vinea

61 2048 214 2082 Domini
252 2048 311 2081 his
344 2049 566 2090 pernitiosis
602 2050 784 2084 sentibus.
819 2059 866 2083 ne
894 2049 1144 2083 molestarent
1172 2050 1211 2083 in
1247 2051 1459 2092 periculum
1497 2053 1709 2086 animarum

59 2104 269 2137 vestrarum
284 2114 293 2145 ς
308 2113 395 2137 nam
411 2114 480 2146 per
496 2105 656 2138 istorum
670 2104 842 2138 fallacias
859 2105 983 2138 tendit
996 2104 1170 2138 diabolus
1194 2106 1351 2139 insidias
1369 2107 1487 2148 vobis,
1503 2117 1702 2152 quaeren5‚

60 2160 252 2200 tamquam
270 2158 329 2192 leo
345 2160 533 2202 mugiens,
552 2169 664 2201 quem
682 2161 849 2194 devoret.

104 2214 182 2246 Nos
206 2223 294 2247 vero
321 2213 593 2256 Omnipotenti,
622 2216 730 2256 quus
747 2216 792 2248 de
810 2225 852 2248 rc
881 2215 1024 2258 agitur,
1048 2215 1245 2248 humiliter
1273 2215 1542 2258 supplicamus,
1572 2220 1614 2251 ut
1640 2228 1704 2252 vos

59 2268 281 2302 corroboret
294 2269 332 2302 in
347 2270 448 2302 omni
465 2270 696 2303 abundantia
712 2271 865 2303 virtutis
883 2272 921 2304 et
935 2271 1036 2311 fidei,
1047 2272 1089 2303 ut
1106 2271 1160 2303 sic
1171 2272 1377 2313 gradiendo
1392 2273 1430 2305 in
1445 2273 1513 2306 viis
1526 2274 1705 2315 justifica-

60 2325 207 2358 tionum
224 2334 378 2358 suarum
393 2327 431 2358 et
442 2325 763 2367 tranquillitatem
778 2326 817 2359 in
830 2325 902 2359 hoc
919 2326 1070 2360 saeculo
1090 2328 1129 2360 et
1145 2327 1184 2360 in
1203 2327 1331 2360 futuro
1358 2329 1514 2362 aeterna
1537 2331 1708 2371 praemia

60 2380 239 2422 consequi
256 2380 585 2422 possitis.Verum,
602 2380 842 2414 dilectissimi
857 2382 938 2423 filii,
955 2391 1071 2415 unum
1086 2384 1155 2422 est,
1171 2384 1271 2424 quod
1289 2384 1529 2418 devotionem
1542 2388 1706 2419 vestram

61 2434 234 2468 volumus
262 2436 421 2477 paterna
459 2445 700 2470 commonere
739 2437 926 2479 caritate3
968 2437 1005 2470 id
1030 2438 1099 2478 est,
1129 2439 1184 2480 ut,
1224 2438 1255 2471 si
1286 2448 1446 2480 quorum
1475 2440 1614 2474 delicta
1642 2451 1707 2475 vos

62 2491 191 2524 forsan
205 2491 412 2532 offendunt,
428 2491 486 2525 vel
506 2502 580 2525 non
594 2493 742 2535 agendo
760 2493 860 2534 quod
879 2493 1018 2527 debent
1042 2494 1099 2527 vel
1127 2494 1226 2535 quod
1251 2503 1325 2527 non
1343 2495 1482 2528 debent
1498 2497 1704 2539 operando,

62 2547 187 2580 velitis
211 2548 417 2581 secundum
439 2548 570 2581 sancta
601 2547 801 2581 doctorum
825 2549 942 2582 verba
976 2549 1233 2589 considerare,
1274 2559 1347 2582 non
1380 2551 1470 2592 quid
1501 2551 1574 2593 ipsi
1613 2553 1705 2586 mali

64 2603 216 2643 faciant,
235 2603 301 2636 sed
318 2603 444 2645 potius
457 2603 545 2645 quid
566 2612 630 2636 vos
654 2603 743 2636 boni
768 2605 895 2638 facere
913 2605 1094 2638 debeatis.
1113 2604 1156 2638 In
1181 2605 1283 2638 omni
1307 2606 1408 2639 enim
1426 2607 1643 2641 conditione
1668 2610 1708 2642 et

65 2660 179 2699 statu,
198 2660 296 2692 sicut
312 2660 366 2693 ait
382 2661 534 2693 sanctus
552 2659 810 2702 Hieronimus,
829 2661 982 2703 optimis
999 2661 1188 2703 permixta
1212 2662 1300 2694 sunt
1314 2662 1479 2704 pessima
1496 2674 1505 2705 3
1524 2674 1588 2696 vos
1615 2674 1705 2698 vero

65 2714 112 2748 ad
147 2724 317 2748 normam
357 2715 542 2748 bonorum
580 2714 764 2749 ecclesiae
800 2717 1004 2758 praecepta
1040 2717 1126 2749 ante
1155 2710 1286 2750 oculos
1317 2718 1462 2751 vestros
1493 2728 1707 2761 proponere

67 2769 226 2810 debetis,
245 2770 381 2804 intenti
408 2771 453 2803 ad
472 2770 683 2804 doctrinam
707 2780 837 2805 sanam
855 2772 894 2805 et
917 2771 1085 2804 salubria
1111 2772 1256 2805 monita
1272 2782 1417 2812 eorum,
1444 2774 1507 2815 qui
1525 2775 1571 2807 ad
1591 2775 1709 2817 expli-

67 2825 227 2858 candum
256 2824 323 2858 illa
350 2825 454 2858 vobis
486 2826 573 2858 sunt
590 2826 798 2868 constituti,
828 2827 963 2868 quibus
984 2825 1171 2859 malorum
1203 2826 1378 2869 exempla
1406 2829 1587 2862 mutanda
1604 2830 1708 2863 vobis

67 2881 167 2921 sunt3
181 2880 246 2913 sed
260 2880 458 2920 bonorum,
473 2881 537 2922 qui
550 2881 715 2914 rariores
729 2883 828 2921 sunt,
843 2890 888 2915 eo
903 2880 1152 2923 suppliciores
1171 2890 1253 2915 esse
1272 2882 1452 2916 debemus
1472 2884 1563 2924 Deo,
1582 2886 1623 2918 ut
1637 2895 1705 2918 nos

69 2936 254 2971 bonorum
281 2936 359 2981 (qui
385 2936 551 2970 rariores
583 2936 682 2980 sunt)
714 2935 822 2972 malit
851 2945 933 2972 esse
964 2936 1107 2972 similes
1132 2946 1245 2981 quam
1272 2937 1472 2973 malorum.
1502 2940 1617 2985 Ergo,
1634 2941 1704 2976 filii
