2050 3470
750 261 888 296 ANNO
916 262 1098 295 1175-1177
1694 269 1732 301 17

106 375 300 414 instinctu,
332 372 467 406 vestris
501 370 728 404 clamoribus
756 380 841 404 eum
867 379 988 413 neque
1020 372 1230 405 convictum
1257 381 1377 414 neque
1409 376 1620 409 contessum
1651 380 1733 420 post

103 430 203 464 sedis
216 430 331 462 etiam
348 426 554 469 apostolice
571 427 846 459 invocationem
863 427 1005 459 fecistis
1021 427 1202 469 captivari
1227 429 1265 461 et
1280 430 1507 470 captivatum
1531 432 1662 464 contra
1678 433 1734 465 fas

103 482 142 516 et
157 483 336 525 pietatem
363 479 603 512 incarcerari.
624 481 672 513 At
695 488 793 512 nunc
826 479 919 521 ipse,
952 479 1077 513 divine
1108 480 1260 522 pietatis
1284 489 1439 515 munere
1464 482 1654 523 liberatus,
1688 484 1733 517 ad

103 536 222 578 ipsius
238 535 338 569 sedis
355 533 574 576 apostolice,
592 542 704 575 quam
722 533 974 573 invocaverat,
1000 533 1152 566 auditur
1166 543 1394 577 proprerare
1411 537 1601 580 retugium
1618 538 1670 570 ibi
1694 547 1733 571 se

103 591 330 632 probaturus
347 589 553 622 innoxium.
581 588 704 626 Quare
730 587 952 631 negligitis?
979 588 1103 627 Quare
1136 590 1284 632 negocii
1301 591 1416 623 vestri
1433 592 1733 633 prosecutionem

102 654 188 678 eum
223 644 484 686 subsequendo
526 643 680 677 minime
712 644 922 683 maturatis,
952 644 1151 686 presertim
1182 654 1266 677 cum
1291 645 1370 687 ipse
1403 647 1581 687 quosdam
1606 650 1733 682 nostro

102 698 318 732 testimonio
336 697 432 730 bone
449 697 680 731 conscientie
698 696 887 730 robustior
899 696 944 730 ad
963 706 1045 730 eam
1062 698 1196 732 fecerit
1212 698 1396 741 appellari
1413 702 1425 733 2
1453 699 1491 733 Si
1514 701 1651 742 ¹justam
1669 711 1734 733 vos

102 753 242 795 putatis
259 752 436 786 adversus
460 760 546 785 eum
564 751 705 784 habere
734 760 898 791 causam,
930 751 1019 793 quid
1052 752 1220 793 tardatis,
1250 754 1305 785 tot
1333 754 1380 786 ad
1408 763 1535 795 unum,
1565 758 1659 790 tanti
1688 758 1734 790 ad

101 807 291 840 tantillum
308 809 320 840 ἓ
335 822 351 835 n
377 825 419 831 —
445 821 460 834 u
477 806 573 846 Quia
588 822 618 847 n,
634 807 756 848 inquit
773 807 949 847 decanuS,
970 821 985 834 u
1004 808 1042 840 tu
1061 807 1106 840 de
1123 816 1168 840 eo
1195 808 1289 842 bene
1313 810 1429 843 sentis
1442 811 1479 843 et
1495 811 1563 843 tibi
1582 812 1734 846 tribula-

101 862 242 896 tionem
259 863 297 895 et
313 863 526 905 angustiam
542 862 646 895 vides
664 862 876 902 imminere,
890 863 1052 904 oportet,
1077 864 1119 895 ut
1141 865 1265 904 partes
1293 864 1393 898 inter
1408 868 1587 908 utrasque
1611 868 1734 900 medio

100 917 154 949 sic
170 916 291 950 limite
323 917 488 956 incedas,
521 926 567 950 ne
604 919 809 950 conventus
842 917 954 958 hujus
983 916 1214 951 multitudini
1246 920 1397 961 penitus
1420 921 1586 954 cedendo
1604 924 1736 956 eontra

99 969 368 1003 conscientiam
393 969 564 1013 linguam
594 970 738 1012 dirigas
755 979 798 1002 ac
817 979 862 1003 ne
880 979 1023 1010 rursuS,
1042 971 1270 1005 conscientie
1287 973 1400 1005 nimis
1423 975 1594 1016 favendo,
1613 977 1734 1010 multi·

100 1024 269 1057 tudinem
286 1025 454 1058 offendas
470 1040 499 1058 n.
516 1044 549 1049 —
575 1040 591 1052 u
607 1025 772 1059 Ostende
788 1041 818 1065 w,
838 1026 890 1058 ait
906 1025 1109 1065 Robertus,
1144 1040 1159 1053 ιι
1180 1027 1301 1068 ipsum
1328 1027 1488 1063 limitem
1503 1046 1531 1064 n.
1555 1049 1588 1056 —
1610 1046 1626 1060 u
1642 1032 1733 1066 Pro-

100 1079 295 1113 nunciabis
309 1095 340 1120 n,
375 1081 510 1122 inquit,
538 1095 554 1108 u
573 1090 658 1114 cum
682 1080 929 1122 jurejurando
956 1082 992 1113 te
1026 1081 1227 1114 Lamberto
1252 1082 1420 1117 heretico
1445 1086 1731 1128 abrenunciare,

99 1143 174 1167 non
202 1135 316 1167 istum
339 1137 558 1178 significans
583 1145 695 1178 quem
719 1136 836 1169 sentis
864 1136 1114 1175 innocentem,
1145 1137 1209 1170 sed
1242 1137 1358 1171 alium
1389 1140 1596 1181 quemlibet
1622 1142 1734 1183 hujus

100 1190 262 1222 nominis
278 1189 491 1222 hereticum
508 1191 572 1222 aut
589 1189 750 1221 fortasse
764 1187 920 1220 nullum.
940 1188 1022 1230 Ego
1047 1190 1161 1229 enim,
1181 1190 1212 1222 si
1242 1191 1357 1224 simili
1380 1201 1541 1235 urgerer
1563 1195 1733 1237 periculo

99 1245 137 1278 et
157 1244 280 1286 ipsum
306 1244 462 1277 Petrum
480 1243 691 1286 apostolum
719 1245 918 1276 cornutum
943 1246 1167 1284 assererent,
1194 1245 1350 1278 Petrum
1375 1248 1585 1289 apostolum
1602 1258 1734 1282 cornu-

99 1299 179 1332 tum
206 1299 319 1333 facile
347 1300 588 1342 abnegarem,
621 1299 685 1340 qui
725 1299 855 1340 utique
891 1298 1016 1331 nullus
1052 1301 1151 1331 est,„
1195 1300 1278 1333 Tali
1313 1302 1609 1336 circumventum
1632 1313 1732 1345 eum,

98 1355 373 1388 circumventos
390 1358 427 1388 et.
446 1364 512 1387 nos
536 1353 828 1394 machinatione,
854 1356 956 1387 metu
974 1355 1080 1396 quasi
1106 1364 1128 1388 a
1151 1357 1260 1398 tergo
1285 1366 1351 1389 nos
1383 1357 1614 1400 impellente,
1647 1359 1733 1392 dolo

98 1409 170 1443 hoc
186 1411 293 1452 quasi
311 1412 397 1444 ante
415 1411 550 1443 faciem
562 1410 802 1452 provocante,
821 1409 867 1442 ad
892 1410 991 1451 quod
1019 1410 1238 1443 nitebantur
1263 1412 1407 1446 inimici
1434 1415 1618 1456 veritatis,
1633 1413 1707 1448 heu
1723 1416 1730 1448 Ξ

98 1475 166 1498 nos
182 1466 341 1498 miseros
358 1465 619 1505 obtinuerunt,
635 1465 850 1507 injectaque
867 1465 994 1498 manui
1011 1465 1122 1498 unius
1140 1468 1322 1506 nostrum,
1337 1468 1400 1509 qui
1425 1469 1463 1501 in
1481 1470 1734 1511 presbiterum

97 1518 292 1551 ordinatus
309 1520 402 1558 erat,
422 1517 580 1552 candela
596 1518 641 1551 de
658 1526 771 1551 manu
797 1518 878 1559 ejus
903 1526 986 1550 eam
1018 1517 1298 1560 nichilominuS,
1324 1521 1429 1562 quasi
1458 1522 1530 1564 ipsi
1554 1522 1731 1555 domnum

99 1573 341 1607 Lambertum
360 1574 613 1616 presbiterum
631 1572 1022 1613 anathematizassent,
1041 1576 1299 1615 excusserunt,
1324 1578 1555 1619 repenteque
1571 1577 1733 1619 quodam

97 1627 195 1661 libro
213 1628 382 1662 exhibito
401 1629 650 1670 manibusque
667 1629 805 1661 nostris
822 1629 857 1661 ei
875 1629 1074 1670 impositiS,
1101 1629 1344 1663 Lambertum
1357 1631 1566 1665 hereticum
1583 1633 1731 1674 abjura-

97 1692 192 1724 mus,
209 1684 452 1717 conscientiis
466 1684 603 1717 nostris
621 1683 926 1723 reclamantibus,
945 1685 1198 1726 pronunciare
1223 1685 1497 1728 compulerunt.

140 1738 218 1772 Nos
248 1747 337 1772 vero
371 1737 655 1782 a[mari]tudine
679 1738 875 1781 paululum
907 1740 1034 1772 statim
1066 1740 1284 1774 secedentes
1312 1742 1631 1785 pristinarumque
1648 1753 1732 1786 pro-

97 1794 317 1827 missionum
333 1795 683 1834 commemorantes,
710 1795 816 1835 quasi
841 1794 1003 1836 quodam
1031 1794 1251 1837 gallicantu
1277 1798 1485 1838 ammoniti,
1512 1798 1732 1833 lacrimaba-

96 1857 181 1881 mur
214 1849 381 1889 uberius,
411 1849 511 1891 quod
539 1849 578 1882 in
611 1849 731 1882 Deum
762 1850 800 1882 et
830 1849 1044 1891 proximum
1076 1859 1222 1884 necnon
1247 1852 1287 1884 et
1313 1853 1562 1887 conscientias
1586 1855 1732 1888 nostras

95 1904 265 1946 graviter
279 1906 491 1947 peccantes,
510 1914 585 1937 non
603 1904 723 1937 solum
741 1905 885 1938 animas
910 1906 1054 1938 nostras
1071 1905 1267 1948 suppliciis
1280 1907 1552 1942 addixissemus
1576 1911 1730 1950 eternis,

96 1959 162 1992 sed
192 1959 371 1994 adversus
389 1960 509 1994 Deum
537 1960 689 1993 extento
708 1959 805 1992 collo
823 1964 1018 1993 currentes
1036 1961 1271 1995 adversarios
1295 1962 1593 2005 letificassemus,
1615 1966 1676 2008 pie
1692 1966 1731 1998 in

96 2013 244 2047 Christ-o
256 2015 383 2048 vivere
398 2014 581 2056 volentes,
606 2023 754 2048 merore
778 2015 889 2047 simul
907 2016 945 2048 et
957 2016 1177 2049 confusione
1191 2017 1453 2051 induissemus.
1470 2019 1561 2052 Post
1574 2019 1730 2053 multam

96 2068 259 2110 denique
275 2069 399 2102 cordis
416 2070 535 2102 nostri
554 2070 832 2109 contritionem,
847 2069 1006 2103 consilio
1019 2071 1058 2103 et
1069 2070 1285 2104 fortitudini
1298 2073 1420 2115 magis
1437 2082 1549 2114 quam
1564 2073 1731 2107 lacrimis

95 2124 345 2166 judicavimus
368 2125 630 2164 insistendum,
660 2134 886 2166 quamquam
915 2126 952 2158 et
976 2125 1056 2167 ipse
1073 2125 1204 2159 salutis
1222 2128 1415 2160 redeuntis
1432 2129 1594 2170 quodam
1621 2130 1731 2163 modo

96 2179 296 2213 videantur
327 2182 364 2213 et
393 2180 597 2213 credantur
627 2181 846 2223 prenuncie.
879 2180 985 2214 Unde
1018 2191 1103 2214 cum
1134 2183 1197 2215 tue
1226 2183 1462 2218 celsitudinis
1494 2186 1664 2227 peritiam
1693 2188 1730 2219 in

96 2245 295 2269 commune
334 2236 629 2270 decrevissemus
668 2235 936 2269 consulendam
969 2236 1081 2278 idque
1113 2237 1245 2271 decani
1272 2241 1470 2273 memorati
1495 2241 1658 2275 venisset
1685 2243 1731 2275 ad

96 2299 208 2324 aures
227 2302 234 2325 :
262 2305 278 2318 u
293 2291 376 2324 Erit
395 2306 426 2332 n,
444 2292 580 2333 inquit,
600 2306 615 2319 u
635 2291 859 2324 novissimus
885 2300 994 2324 error
1010 2293 1119 2335 peJ'or
1130 2293 1258 2335 priore
1277 2310 1307 2327 n.
1333 2295 1571 2338 veniensque
1596 2298 1641 2331 ad
1658 2307 1729 2338 me,

96 2355 208 2388 quem
220 2347 337 2380 ceteri
355 2349 517 2388 quatuor
539 2347 685 2389 perjuri
703 2347 872 2380 vulneris
889 2348 1099 2381 communis
1115 2350 1418 2384 annuntiatorem
1443 2353 1480 2385 et
1507 2353 1692 2386 medicine
1709 2362 1732 2387 a

95 2402 183 2436 sede
199 2401 406 2444 apostolica
418 2402 579 2444 petende
597 2402 774 2435 nuncium
791 2403 1069 2436 constituerunt
1084 2413 1092 2436 :
1127 2417 1143 2430 u
1162 2403 1259 2442 Quid
1274 2420 1303 2444 „,
1330 2405 1465 2447 inquit,
1497 2421 1512 2434 u
1531 2407 1601 2440 hoc
1618 2409 1730 2442 audio

94 2455 140 2488 de
158 2457 220 2488 te?
242 2454 337 2488 Vide
354 2455 443 2496 quid
460 2455 588 2487 facias.
608 2454 647 2487 Si
663 2454 874 2488 Romanam
891 2455 1019 2489 sedem
1036 2456 1140 2490 adire
1158 2456 1336 2498 volueris,
1361 2460 1592 2493 consortium
1616 2462 1730 2494 totius

94 2508 254 2542 ecclesie
277 2510 404 2542 nostre
421 2511 458 2542 te
483 2509 652 2541 funditus
680 2511 718 2542 et
744 2509 1096 2558 irrecuperabiliter
1122 2511 1386 2545 ammissurum
1412 2523 1458 2547 ne
1486 2514 1728 2548 dubitaveris.

94 2564 167 2598 Sed
183 2565 222 2598 et
237 2564 354 2597 ceteri
371 2565 463 2597 socii
482 2564 536 2597 tui
554 2564 600 2597 de
617 2564 786 2606 perjurio
799 2565 926 2598 statim
940 2564 1077 2608 pulsati
1096 2567 1161 2599 aut
1177 2566 1282 2599 exilii
1300 2570 1365 2601 aut
1380 2570 1544 2602 carceris
1560 2571 1729 2612 periculo

93 2621 353 2663 subjacebunt.
369 2637 384 2649 n
418 2622 487 2655 His
515 2623 554 2656 et
569 2622 654 2656 aliis
672 2622 859 2656 similibus
883 2624 930 2656 ab
954 2632 998 2657 eo
1023 2624 1160 2656 auditis
1178 2634 1251 2657 non
1278 2627 1462 2667 consensi,
1494 2627 1558 2660 sed
1584 2637 1630 2661 ne
1658 2629 1732 2662 iter

92 2684 218 2710 meum
256 2678 403 2711 insidiis
443 2677 632 2720 aliquibus
664 2678 924 2720 impediretur,
961 2680 1182 2721 quantocius
1214 2689 1414 2724 erumpens
1447 2683 1547 2725 ipsas
1579 2685 1730 2725 quidem

94 2731 250 2765 insidias
275 2742 360 2766 cum
388 2734 499 2766 sociis
527 2734 621 2766 meis
655 2733 784 2774 incidi,
813 2734 878 2768 sed
911 2735 1134 2776 quibusdam
1172 2745 1232 2769 me
1267 2737 1543 2772 occultantibus
1581 2739 1731 2782 elapsus

94 2788 196 2820 evasi
211 2798 220 2829 3
235 2790 272 2820 et
289 2796 376 2822 ecce
394 2788 463 2821 Dei
483 2788 719 2830 protectione
736 2790 800 2823 tue
817 2798 973 2832 presens
997 2791 1216 2832 paternitati
1235 2791 1320 2824 falsi
1354 2793 1559 2826 testimonii
1586 2804 1730 2829 necnon

98 2843 137 2875 et
152 2843 309 2885 perjurii
323 2852 383 2876 me
400 2845 437 2878 et
454 2852 532 2885 eos,
550 2844 615 2886 qui
632 2853 691 2878 me
705 2845 903 2886 miserunt,
918 2846 1113 2879 confiteor.
1134 2845 1282 2890 [Oleum
1302 2849 1340 2881 et
1356 2849 1483 2883 vinum
1497 2850 1585 2884 huic
1603 2854 1730 2886 nostro

101 2897 245 2932 vulneri
263 2899 412 2932 infundi
428 2898 638 2942 expostulo.
659 2899 964 2934 Satisfactionem
977 2902 1015 2935 et
1027 2901 1212 2936 cautelam
1226 2902 1509 2946 diligentiorem
1519 2906 1730 2950 promitto]

445 2977 520 3012 Hs.
546 2977 589 3017 Q.
618 2978 650 3012 9.
679 2978 743 3013 182
770 2987 841 3012 van
877 2978 942 3013 het
980 2978 1152 3014 Muscum
1176 2980 1453 3015 Hunterianum
1489 2984 1525 3016 te
1557 2982 1730 3027 Glasgow

1622 3059 1644 3092 2
