2050 3470
814 254 951 288 ANNO
980 253 1061 285 1307
1725 250 1767 280 57

124 368 235 410 hujus
252 367 286 400 ei
304 375 343 399 se
356 366 600 399 commiscere
612 365 715 405 velit,
734 365 900 407 patiatur
918 365 1105 407 receptus,
1124 365 1162 397 et
1178 363 1276 405 quod
1295 363 1340 396 ad
1358 362 1427 395 hoc
1441 362 1591 395 tenetur
1606 370 1651 395 ex
1670 361 1766 394 ordi—

124 424 181 456 nis
198 422 300 455 illius
316 421 487 462 statutis3
506 429 626 461 eoque
645 422 844 462 praetextu
870 420 1002 453 foedus
1021 418 1197 452 naturale
1218 420 1448 460 rumpentes,
1471 417 1569 459 quod
1587 412 1766 448 animalia

123 479 233 510 bruta
249 478 373 510 facere
386 476 633 509 detestantur.
645 485 684 509 se
702 476 945 508 commiscent
962 473 1276 507 abominabiliter
1288 474 1376 505 dicti
1390 475 1538 506 fratres
1551 472 1633 505 Heu
1646 470 1766 507 nobis,

123 533 153 565 si
171 532 377 575 praemissa
389 532 548 564 veritate
563 531 744 570 nitantur,
754 531 838 572 quis
852 531 959 563 nobis
982 532 1122 563 fratres
1137 530 1292 569 tribuat,
1305 530 1345 561 ut
1357 529 1450 562 tanti
1465 527 1632 566 sceleris,
1642 526 1768 558 tantae

123 588 271 621 divinae
288 586 544 628 blasphemiae
558 586 750 619 videamus
764 585 928 627 aliquam
947 585 1129 618 ultionem
1143 587 1155 617 ’ἔ
1172 584 1370 617 Praefatus
1382 584 1500 626 igitur
1510 582 1684 615 dominus
1701 588 1767 612 rex

124 644 165 676 ut
181 641 525 680 christianissimus,
545 641 762 682 praemissis
779 641 929 673 auditis.
956 640 1218 672 admirationis
1237 641 1390 681 stupore
1415 637 1651 680 perterrituS,
1680 634 1767 667 lidci

123 697 258 731 ardore
275 705 487 734 succensus,
506 705 551 729 ea
568 705 639 728 non
658 697 811 737 sprevit,
826 696 890 727 sed
906 695 1043 727 nedum
1064 695 1170 727 nobis
1188 695 1338 735 suisque
1353 693 1511 726 seeretis
1524 690 1764 727 consiliarii&

124 753 188 785 sed
220 751 317 793 pat-ri
358 753 485 783 nostro
526 751 762 784 sanctissimo
797 751 947 782 domino
983 759 1128 781 summo
1174 749 1356 791 pontilici,
1404 748 1500 790 apud
1542 747 1767 789 Lugdunum

124 807 258 849 primo.
288 807 326 839 et
353 806 518 838 Pictavis
547 806 725 847 secundo,
757 805 884 838 audita
911 805 1118 847 diligenter
1145 804 1293 846 aperuit
1322 806 1359 836 et
1388 803 1495 835 nobis
1533 800 1767 844 postmodum

124 863 303 896 adhibitis
320 861 543 904 diligentius
562 862 799 903 perquisivit,
828 862 1030 904 pluresque
1055 863 1169 894 testes
1195 861 1267 893 tide
1291 859 1397 901 digni
1424 858 1522 891 omni
1548 856 1769 898 exceptione

125 918 286 959 majores
304 917 465 949 maxime
484 917 521 948 in
537 926 650 949 causa
667 917 752 949 fidei
772 917 914 958 recepti
929 917 1016 949 sunt
1029 926 1096 958 per
1115 926 1180 948 nos
1194 914 1441 956 judicialiter,
1454 922 1521 955 per
1534 921 1626 954 quos
1640 919 1768 943 omnes

124 972 371 1016 singulariter
387 972 508 1013 turpis
527 972 694 1013 receptio
718 972 911 1013 praedicta
925 972 1107 1013 probatur
1131 971 1168 1003 in
1186 979 1317 1003 eorum
1335 969 1506 1011 personis
1522 969 1622 1001 facta
1638 967 1767 1006 fuisse,

125 1038 167 1062 ac
183 1027 385 1061 vehemens
402 1027 594 1059 inducitur
627 1024 885 1068 praesumptio
914 1029 1046 1059 contra
1073 1035 1202 1059 omnes
1230 1026 1275 1058 de
1292 1024 1464 1067 pluribus
1481 1023 1651 1066 personis
1668 1022 1768 1063 eJus-

125 1084 210 1116 dem
228 1082 371 1115 ordinis
400 1081 513 1123 hujus
537 1081 773 1124 regni3dicti
790 1084 903 1114 testes
921 1082 1125 1123 deponunt,
1154 1081 1252 1123 quod
1279 1081 1498 1122 praesentes
1514 1079 1677 1111 factores
1705 1085 1770 1110 aut

127 1139 376 1173 assentientes
401 1139 558 1171 suerunt
575 1137 856 1179 receptionibus
875 1139 1034 1170 fratrum
1053 1136 1181 1169 taliter
1197 1135 1440 1177 attemptatis.

172 1193 385 1237 Eapropter
408 1202 476 1235 per
502 1193 623 1234 ipsum
649 1192 840 1225 dominum
862 1201 993 1234 regem
1019 1192 1235 1224 reverendis
1263 1191 1433 1233 patribus
1461 1187 1768 1230 archiepiscopis,

125 1250 323 1293 episcopis,
343 1248 541 1281 abbatibus
559 1250 598 1281 et
614 1247 699 1280 aliis
720 1247 973 1279 eminentibus
991 1247 1081 1279 viris
1099 1245 1364 1279 ecclesiasticis
1381 1246 1426 1278 ad
1444 1244 1537 1277 haec
1554 1242 1771 1285 specialiter

125 1304 379 1348 congregatis.
394 1312 524 1336 eorum
538 1304 615 1336 tam
631 1312 700 1345 per
712 1303 834 1344 ipsum
847 1302 1042 1334 dominum
1054 1310 1184 1344 regem
1195 1310 1305 1343 quam
1320 1310 1386 1333 nos
1400 1299 1582 1341 requisito
1596 1297 1767 1335 consilio,

125 1360 281 1403 provida
297 1359 465 1401 ipsorum
490 1360 528 1391 et
543 1358 720 1391 concordi
751 1357 1027 1390 deliberatione
1051 1357 1265 1395 accedente,
1283 1356 1476 1388 dominum
1498 1355 1618 1396 ipsum
1636 1362 1768 1395 regem

125 1416 300 1449 duximus
326 1424 394 1456 pro
425 1423 538 1447 causa
567 1414 655 1446 fidei
686 1413 968 1454 requirendum,
1000 1413 1041 1444 ut
1070 1414 1203 1445 contra
1230 1410 1443 1454 singulares
1470 1418 1650 1452 personas
1677 1407 1767 1440 dicti

125 1470 269 1504 ordinis
285 1470 330 1502 de
350 1469 569 1512 praemissis
586 1468 836 1501 vehementer
862 1469 1056 1509 suspectas
1084 1467 1196 1508 hujus
1212 1467 1320 1509 regni
1348 1466 1455 1498 nobis
1473 1465 1563 1498 dare
1585 1465 1766 1502 favorem,

125 1535 234 1568 opem
251 1526 289 1558 et
305 1524 489 1558 auxilium
507 1524 742 1566 dignaretur,
761 1524 803 1556 ut
819 1532 883 1555 eas
898 1522 1039 1555 habere
1058 1521 1247 1555 valeamus
1265 1520 1532 1554 examinandas
1550 1528 1662 1560 super
1679 1517 1766 1557 hiis,

125 1582 237 1624 prout
260 1580 380 1618 decet,
400 1589 473 1611 non
491 1578 730 1611 intendentes
748 1578 945 1620 negotium
964 1577 1035 1609 hoc
1059 1579 1191 1609 contra
1215 1577 1356 1609 dictum
1381 1575 1552 1607 ordinem
1577 1581 1768 1606 assumere

124 1645 191 1669 seu
213 1637 346 1668 eontra
360 1635 498 1668 fratres
526 1634 647 1676 ipsius
680 1633 824 1665 ordinis
843 1631 1124 1680 universaliter,
1153 1631 1217 1665 sed
1252 1631 1372 1663 solum
1401 1631 1532 1663 contra
1556 1627 1768 1670 singulares

125 1700 306 1734 personas
330 1689 439 1732 regni
455 1688 652 1731 praedicti.
673 1688 745 1726 Qui
766 1687 969 1730 religiosus
1000 1687 1175 1729 princeps
1200 1688 1324 1720 animo
1349 1686 1522 1728 prompto
1552 1683 1769 1724 requisitio-

125 1756 211 1780 nem
228 1747 395 1779 nostram
408 1744 612 1778 exaudiens
629 1752 698 1785 per
723 1743 891 1776 diversas
911 1743 1039 1785 partes
1063 1743 1173 1785 regni
1199 1743 1255 1774 sui
1281 1742 1399 1774 dictas
1423 1748 1604 1782 personas
1621 1746 1768 1779 suspec-

123 1805 181 1836 tas
197 1800 366 1844 perquiri
385 1802 421 1832 et
440 1798 622 1832 eeclesiae
639 1798 781 1840 judicio
799 1797 1038 1840 praeservari
1052 1797 1258 1839 praecepit,
1277 1796 1322 1829 ad
1341 1795 1411 1828 hoc
1424 1796 1545 1828 certas
1560 1794 1769 1827 eminentes

124 1865 304 1900 personas
320 1854 539 1896 specialiter
556 1853 795 1887 destinando.

171 1911 245 1945 Nos
262 1911 381 1954 igitur
399 1919 467 1951 per
484 1909 652 1942 diversas
671 1909 781 1950 regni
798 1909 928 1950 partes
957 1906 1263 1949 praesentialiter
1287 1906 1463 1939 accedere
1484 1914 1557 1937 non
1585 1904 1766 1942 valentes,

126 1964 299 2008 pluribus
316 1965 485 2007 negociis
510 1973 552 1997 ac
583 1964 806 1996 infirmitate
837 1963 981 2005 proprii
1010 1962 1180 2005 corporis
1212 1962 1397 2003 impediti,
1428 1970 1493 1992 vos
1522 1959 1768 1993 exhortamur

126 2022 165 2053 in
183 2019 358 2060 Domino,
375 2019 480 2051 vobis
497 2021 629 2051 tenore
661 2018 919 2060 praesentium
949 2017 1226 2050 committentes
1252 2018 1289 2049 et
1304 2025 1370 2048 vos
1394 2013 1642 2057 singulariter
1658 2013 1772 2055 depu-

127 2076 262 2114 tantes,
282 2075 467 2116 quatenus
485 2074 593 2106 nobis
609 2074 648 2106 in
667 2073 897 2115 adjutorium
927 2081 1063 2105 causae
1094 2072 1181 2105 fidei
1207 2072 1460 2114 assurgentes,
1480 2079 1553 2103 non
1570 2069 1685 2111 pigri,
1704 2068 1767 2101 sed

126 2129 275 2172 vigiles,
295 2129 474 2163 adhibitis
491 2129 635 2162 duabus
653 2128 845 2171 religiosis
863 2128 1034 2170 personis
1049 2128 1087 2160 et
1103 2127 1277 2160 discretis
1295 2135 1379 2159 cum
1397 2125 1568 2167 personis
1586 2124 1769 2166 suspectis

126 2185 232 2218 vobis
259 2193 329 2227 per
358 2186 490 2228 gentes
514 2185 657 2217 domini
689 2184 794 2226 regis
828 2183 1051 2216 exhibendis
1080 2183 1282 2224 inquiratis
1299 2191 1345 2215 ex
1369 2183 1476 2223 parte
1495 2180 1634 2217 nostra.
1654 2179 1768 2212 immo

125 2239 250 2282 potius
282 2239 490 2282 apostolica
529 2247 644 2282 super
687 2239 918 2280 praemissiS,
958 2237 1181 2280 diligentius
1221 2238 1432 2273 veritatem,
1469 2235 1767 2278 depositionibus

126 2295 344 2329 eorumdem
361 2303 429 2337 per
452 2294 641 2337 publicam
659 2303 871 2336 personam,
887 2294 918 2326 si
935 2293 1129 2326 commode
1144 2294 1267 2335 potest
1281 2292 1412 2325 haberi
1427 2294 1489 2324 aut
1504 2300 1572 2333 per
1584 2290 1677 2322 duos
1691 2291 1770 2323 ido-

128 2359 218 2384 neos
235 2349 536 2390 conscribendis3
555 2351 606 2389 et,
621 2350 651 2382 si
669 2349 875 2392 praemissa
890 2348 1035 2382 scelera
1049 2357 1130 2381 esse
1155 2357 1244 2381 vera
1270 2347 1504 2390 reperiretis,
1523 2347 1652 2388 probis
1677 2347 1768 2379 viris

129 2405 272 2438 ordinis
290 2406 450 2438 fratrum
468 2405 656 2437 minorum
673 2406 709 2437 et
727 2404 811 2437 aliis
830 2403 1021 2446 religiosis
1046 2404 1137 2436 viris
1165 2404 1219 2436 sic
1249 2403 1398 2445 aperire
1415 2402 1555 2435 curetis
1573 2402 1768 2445 negotium

128 2461 262 2502 ipsum,
282 2459 380 2502 quod
398 2460 496 2502 apud
514 2469 578 2492 eos
595 2459 652 2492 vel
670 2458 850 2501 populum
877 2468 953 2492 non
971 2459 1117 2492 oriatur
1140 2457 1357 2492 scandalum
1381 2466 1427 2491 ex
1451 2457 1564 2499 hujus
1586 2457 1767 2499 processi-

129 2517 210 2557 bus,
228 2515 293 2549 sed
327 2515 419 2548 odor
449 2515 572 2557 potius
602 2515 721 2548 bonae
748 2516 892 2555 famae3
919 2514 1247 2556 depositionesque
1276 2512 1410 2546 talium
1439 2513 1591 2546 testium
1616 2513 1768 2545 domino

128 2571 211 2614 regi
229 2573 267 2604 et
284 2571 390 2604 nobis
408 2571 445 2602 in
465 2570 661 2603 Franciam
679 2569 747 2602 sub
765 2569 901 2602 vestris
919 2571 956 2603 et
980 2570 1150 2612 gentium
1167 2568 1336 2611 ejusdem
1349 2567 1492 2600 domini
1506 2567 1621 2610 regis,
1641 2568 1704 2609 qui
1723 2567 1768 2600 ad

130 2625 323 2667 praedicta
350 2624 567 2667 specialiter
594 2625 842 2664 destinantur,
869 2624 1006 2668 sigillis
1031 2624 1194 2658 inclusas
1223 2623 1387 2657 fideliter
1415 2623 1565 2656 mittere
1593 2632 1666 2656 non
1693 2625 1768 2656 tar-

129 2681 238 2714 detis.

173 2736 308 2769 Actum
325 2736 423 2778 apud
441 2735 692 2775 Pontisaram,
722 2735 782 2769 die
812 2736 900 2776 xxij.
927 2735 1168 2778 Septembris,
1199 2744 1296 2768 anno
1325 2735 1475 2768 Domini
1494 2734 1542 2767 M.
1571 2734 1668 2769 CCC.
1687 2743 1766 2777 sep-

132 2791 236 2824 timo.

175 2845 301 2878 Tenor
317 2855 404 2879 vero
422 2846 700 2878 informationis
717 2855 781 2878 seu
802 2846 1052 2879 ordinationis
1071 2845 1285 2887 praedictae
1303 2843 1388 2878 talis
1407 2847 1488 2878 erat
1503 2855 1511 2878 :

177 2899 281 2934 Chest
297 2899 334 2934 la
349 2901 469 2945 forme
491 2905 674 2934 comment
690 2899 716 2933 22·
732 2902 983 2934 commz'ssaz're
1000 2903 1096 2933 irent
1112 2905 1226 2934 avant
1245 2911 1288 2934 en
1308 2899 1345 2933 Ζα
1361 2899 1540 2943 besoiync.

175 2956 474 2991 Premierement
489 2959 603 3000 quant
615 2955 640 2990 il
655 2958 783 2990 scront
796 2966 890 2991 venu
905 2959 943 2991 et
956 2959 1092 2990 auront
1103 2955 1140 2990 la
1150 2955 1262 2990 chose
1278 2955 1427 2990 revelee
1442 2965 1509 2991 aus
1517 2957 1766 2991 seneschcaus
