2050 3470
805 250 943 284 ANNO
968 249 1054 281 1418
1681 247 1746 281 223

100 363 240 396 fouisse
272 361 443 401 consilia,
478 361 542 403 qui
572 362 644 394 fuit
672 362 797 395 tamen
829 369 894 393 suc
923 359 1020 403 legis
1044 358 1344 402 perfectissimus
1373 359 1606 393 obseruator.
1633 359 1745 392 Patet

99 418 254 459 insuper
271 417 316 450 de
334 416 514 459 apostolis
532 417 570 448 et
588 415 785 457 discipulis
802 417 840 447 et
872 414 1090 448 christianis
1115 414 1153 446 in
1182 414 1378 455 primitiua
1394 414 1567 454 ecclesia,
1585 423 1745 456 quorum

98 472 209 505 multi
233 473 341 505 erant
358 471 521 511 uxorati,
548 470 658 503 multi
684 470 944 512 possessiones
970 469 1197 509 habuerunt,
1224 469 1373 510 quidam
1392 470 1429 502 in
1448 471 1650 510 communi,
1666 470 1744 511 qui-

99 528 240 560 damin
264 527 432 569 proprio,
452 525 561 558 multi
586 526 872 559 subiciebantur
899 525 988 557 solis
1007 524 1165 566 prelatis
1195 524 1285 565 suis,
1315 525 1501 567 episcopis
1526 526 1564 558 et
1588 525 1743 558 curatis.

100 583 252 615 Constat
280 583 420 623 itaque,
447 582 547 623 quod
572 591 647 613 non
672 583 780 614 erant
813 582 859 614 dc
888 580 1140 623 religionibus
1168 579 1300 612 Basilii
1331 579 1386 612 vel
1413 581 1629 623 Augustini,
1656 581 1745 621 quia

98 639 264 671 nondum
290 638 443 670 fucrant
471 637 643 669 institute
672 636 731 670 vel
763 646 832 679 per
859 636 1060 669 ecclesiam
1086 635 1305 677 approbate,
1333 645 1401 667 nec
1429 635 1568 668 talibus
1599 635 1744 678 regulis

97 693 367 726 subdebantur.

140 748 357 790 Propositio
390 749 537 789 quarta.
570 747 724 790 Religio
763 747 972 780 christiana
1003 756 1075 778 non
1106 745 1267 785 requirit
1302 745 1347 777 ad
1377 745 1649 786 perfectionem
1683 746 1741 777 sui

96 804 402 837 obseruationem
427 805 504 836 tam
534 803 572 835 in
601 804 791 845 preceptis
809 812 921 844 quam
950 803 988 834 in
1023 800 1204 841 ‹·onsilijs‚
1236 799 1334 840 quod
1364 799 1640 840 superaddatur
1668 796 1744 831 alia

96 859 235 902 religio
250 858 380 901 quales
398 859 577 891 dicuntur
594 859 879 891 obseruationes
899 857 1071 889 institute
1089 864 1156 898 per
1174 856 1322 888 sanctos
1340 853 1524 887 Basilium
1543 854 1580 887 et
1596 854 1742 896 Augus-

95 915 231 955 tinum,
249 915 320 947 etc.
340 914 378 947 et
393 913 525 955 quales
551 912 752 946 Anselmus
777 913 885 945 vocat
909 912 1119 954 religiones
1147 910 1330 949 facticiaS,
1348 909 1453 951 patet
1477 917 1523 941 ex
1540 909 1742 950 preceden-

96 969 209 1002 tibus.

139 1022 356 1065 Propositio
375 1023 517 1063 quinta.
538 1022 763 1065 Religiones
782 1021 997 1054 huiusmodi
1016 1020 1167 1053 facticie
1193 1020 1283 1052 satis
1302 1017 1509 1060 improprie
1528 1019 1566 1051 et
1583 1018 1740 1051 abusiue

96 1080 133 1111 et
161 1079 289 1111 forsan
314 1079 542 1121 arroganter
570 1078 670 1110 dicte
696 1079 783 1110 sunt
800 1078 919 1110 status
936 1076 1181 1118 perfectionis
1201 1086 1208 1116 ;
1239 1077 1342 1118 patet
1365 1075 1455 1117 quia
1479 1075 1552 1108 stat
1569 1073 1742 1107 homines

95 1134 446 1176 imperfectissimos
464 1132 559 1166 tales
576 1132 784 1175 religiones
811 1132 997 1174 profiteri,
1017 1132 1113 1163 sicut
1138 1132 1242 1164 notat
1266 1130 1514 1173 Augustinus,
1541 1130 1640 1170 quod
1665 1139 1739 1162 non

94 1188 244 1230 peiores
258 1188 402 1230 reperit
416 1197 527 1230 quam
542 1197 606 1220 eos
624 1187 687 1228 qui
702 1187 741 1219 in
755 1187 971 1220 huiusmodi
985 1185 1236 1228 religionibus
1253 1186 1486 1219 defecerunt.
1504 1185 1576 1218 Sed
1590 1185 1740 1218 aliunde

95 1242 311 1276 declaratur
339 1242 410 1276 hec
434 1243 566 1275 abusio
584 1242 642 1275 vel
673 1242 869 1284 usurpatio
896 1241 1071 1281 nominis,
1092 1243 1180 1283 quia
1209 1242 1415 1275 secundum
1439 1241 1525 1274 illos
1551 1242 1615 1282 qui
1634 1241 1740 1273 noui-

95 1299 170 1339 tur,
186 1300 272 1341 post
288 1299 437 1332 sanctos
456 1298 630 1331 doctores
647 1298 706 1331 usi
720 1299 807 1330 sunt
824 1297 891 1330 tali
907 1297 1090 1329 vocabulo
1116 1299 1213 1330 statu
1232 1297 1490 1338 perfec-tionis.
1522 1296 1593 1330 Ille
1621 1297 1741 1329 status

95 1363 168 1387 non
185 1354 278 1386 dicit
294 1354 392 1396 apud
420 1353 623 1395 religiosos
655 1353 930 1395 perfectionem
959 1352 1127 1385 habitam
1151 1352 1208 1385 vel
1235 1353 1472 1393 acquisitam,
1492 1353 1589 1385 sicut
1614 1354 1671 1385 est
1695 1352 1741 1384 de

94 1410 194 1442 statu
211 1408 458 1451 prelatorum,
489 1409 554 1441 sed
580 1408 673 1441 dicit
698 1408 959 1441 tantummodo
985 1408 1260 1449 perfectionem
1278 1408 1559 1449 acquirendam.
1587 1407 1742 1440 Constat

95 1464 220 1497 autem
240 1465 340 1506 quod
358 1464 543 1506 perfectio
563 1463 794 1505 acquirenda
808 1472 881 1495 non
906 1464 963 1496 est
987 1464 1062 1496 iam
1087 1464 1284 1504 acquisita.
1304 1464 1352 1496 Et
1366 1464 1451 1497 ideo
1469 1462 1605 1496 melius
1622 1463 1742 1495 nomi-

94 1521 251 1553 naretur
273 1520 332 1552 vie
351 1519 511 1561 quedam
529 1518 588 1552 vel
606 1519 859 1551 instrumenta
876 1528 942 1551 seu
966 1519 1234 1561 dispositiones
1252 1520 1297 1552 ad
1324 1519 1599 1561 perfectionem
1616 1518 1741 1559 acqui-

93 1575 250 1608 rendam
269 1584 381 1617 quam
406 1575 598 1608 diceretur
627 1576 746 1607 status
773 1575 1041 1616 perfectionis3
1068 1575 1182 1607 immo
1208 1576 1245 1608 et
1263 1574 1359 1607 sicut
1385 1574 1601 1606 huiusmodi
1619 1574 1739 1606 status

93 1631 147 1664 sic
179 1631 301 1664 dictus
336 1631 469 1674 dirigit
504 1632 542 1664 et
580 1631 688 1663 iuuat
724 1631 906 1671 quosdam
939 1630 985 1662 ad
1010 1630 1280 1672 perfectiorem
1305 1630 1611 1662 obseruationem
1650 1638 1739 1662 vere

93 1686 292 1730 religionis
309 1685 529 1726 christiane,
548 1686 602 1718 sic
619 1687 658 1718 et
674 1685 812 1718 multos
829 1685 987 1727 impedit
1005 1686 1117 1726 atque
1135 1685 1350 1727 precipitat,
1370 1694 1463 1727 quos
1480 1685 1597 1717 tutius
1614 1685 1740 1718 fuerat

93 1744 132 1776 in
160 1743 287 1777 seculo
319 1743 560 1782 remansisse,
597 1742 686 1783 quia
710 1741 885 1783 displicet
913 1741 992 1774 Deo
1019 1741 1135 1774 stulta
1167 1743 1203 1774 et
1223 1740 1388 1774 infidelis
1421 1741 1636 1783 promissio,
1667 1750 1739 1780 que

94 1799 240 1832 seilicet
258 1798 316 1832 vel
335 1798 540 1831 indiscrete
558 1798 721 1830 sumitur
737 1797 796 1829 vel
814 1806 888 1829 non
907 1797 1144 1829 obseruatur.

138 1854 354 1896 Propositio
379 1855 497 1887 sexta.
524 1852 680 1896 Religio
706 1853 913 1885 christiana
930 1852 1137 1894 perfectius
1154 1853 1277 1894 potest
1303 1853 1340 1884 et
1364 1852 1476 1885 debet
1493 1852 1691 1884 obseruari
1719 1861 1741 1884 a

92 1919 202 1953 papa,
233 1909 489 1943 cardinalibus
514 1910 550 1942 et
578 1908 751 1951 prelatis,
778 1909 893 1941 etiam
922 1908 953 1940 si
971 1907 1074 1940 nullo
1100 1909 1186 1940 voto
1212 1908 1287 1940 sint
1310 1907 1469 1949 astricti,
1495 1907 1597 1940 ultra
1613 1906 1739 1949 legem

93 1966 177 2006 Dei,
196 1974 309 2006 quam
326 1964 520 2006 simplices
544 1964 778 2006 religionum
802 1964 1040 1997 facticiarum
1057 1964 1303 2006 professores.
1333 1963 1445 1996 Patet
1474 1963 1562 2004 quia
1590 1963 1678 1995 sunt
1702 1963 1740 1996 in

93 2023 192 2055 statu
211 2022 459 2064 perfectionis
472 2021 699 2054 exercende.

138 2077 311 2111 Primum
334 2077 592 2111 corollarium.
613 2078 792 2119 Sequitur
805 2076 941 2118 primo,
968 2076 1068 2117 quod
1085 2076 1254 2117 acceptio
1272 2074 1483 2117 religionis,
1503 2074 1602 2106 sicut
1618 2074 1738 2107 frater

94 2132 268 2166 Matheus
306 2134 471 2167 iacobita
495 2133 678 2166 describit
705 2134 743 2165 in
768 2133 933 2166 secunda
957 2132 1193 2173 acceptione,
1212 2131 1277 2164 ubi
1302 2130 1382 2163 vult
1410 2129 1618 2169 declarare,
1647 2129 1736 2171 quid

94 2191 151 2222 est
166 2190 320 2232 proprie
334 2190 372 2222 et
388 2188 697 2222 anthonomatice
714 2188 864 2231 religio,
884 2189 941 2220 est
959 2188 1097 2220 nedum
1114 2187 1230 2220 stulta
1244 2187 1281 2220 et
1298 2187 1442 2225 insana,
1462 2186 1527 2218 sed
1542 2187 1579 2218 et
1596 2184 1736 2218 heriti-

94 2245 186 2278 calis
214 2244 448 2287 blasphema,
467 2245 615 2286 quando
642 2245 734 2277 dicit
762 2245 838 2277 sic:
866 2243 951 2277 Alio
984 2243 1110 2284 modo,
1128 2242 1263 2283 inquit,
1298 2241 1483 2283 accipitur
1506 2240 1578 2273 hoc
1601 2249 1738 2273 nomen

93 2301 231 2344 religio
256 2301 463 2334 secundum
488 2300 588 2341 quod
606 2310 627 2333 a
651 2300 851 2342 religando
876 2299 1028 2339 dicitur,
1046 2299 1160 2341 prout
1191 2298 1302 2330 homo
1321 2297 1467 2340 obligat
1484 2305 1523 2330 se
1540 2296 1587 2329 ad
1604 2305 1649 2329 ea
1666 2304 1739 2336 que

94 2357 289 2398 pertinent
312 2356 568 2389 essentialiter
592 2356 637 2388 ad
664 2356 804 2388 statum
829 2355 1091 2397 perfectionis,
1110 2356 1147 2387 et
1164 2353 1230 2386 illo
1253 2353 1363 2386 modo
1393 2353 1532 2385 dicitur
1556 2351 1738 2384 anthono-

93 2411 231 2445 matice
244 2412 391 2445 tantum
410 2412 455 2445 de
482 2410 558 2443 illis
583 2412 647 2452 qui
673 2412 760 2444 sunt
777 2411 815 2443 in
833 2410 961 2451 aliqua
978 2411 1023 2442 de
1041 2409 1260 2452 approbatis
1277 2407 1423 2451 regulis
1448 2407 1603 2450 proprie
1628 2406 1739 2439 dictis

93 2465 266 2508 professi,
293 2467 503 2500 cuiusmodi
522 2470 608 2499 sunt
624 2467 844 2509 Augustini,
874 2465 1020 2507 BasiliJ,
1048 2465 1259 2505 Benedicti,
1290 2463 1496 2503 Francisci,
1527 2465 1598 2496 etc.
1626 2463 1738 2496 Patet

93 2522 339 2556 corollarium
361 2532 407 2556 ex
432 2523 724 2564 precedentibus
741 2521 960 2555 deducendo
984 2522 1029 2554 ad
1047 2520 1118 2553 hoc
1135 2520 1417 2560 inconueniens,
1439 2519 1538 2560 quod
1565 2518 1736 2552 Christus

93 2579 131 2611 et
161 2588 260 2621 papa
288 2581 326 2612 et
357 2578 496 2620 prelati
529 2588 604 2611 non
637 2578 941 2611 obseruauerunt
969 2576 1027 2609 vel
1064 2577 1268 2609 obseruant
1305 2573 1559 2608 essentialiter
1595 2574 1735 2606 statum

93 2634 351 2676 perfectionis,
378 2635 467 2676 quia
491 2635 522 2667 si
540 2644 614 2667 non
632 2634 793 2675 professi
811 2635 896 2666 sunt
924 2632 1078 2675 regulas
1096 2632 1297 2674 predictas
1325 2631 1439 2663 immo
1459 2639 1527 2663 nec
1553 2630 1736 2663 deberent

93 2689 168 2721 dici
185 2689 230 2722 de
248 2700 337 2723 vera
368 2690 556 2733 religione
589 2690 660 2722 nisi
693 2689 900 2731 improprie
933 2690 970 2721 et
994 2688 1191 2730 analogice
1220 2688 1352 2719 contra
1379 2687 1540 2727 primam
1559 2685 1735 2727 proposi-

93 2745 248 2784 tionem,
266 2754 339 2786 que
353 2745 471 2778 solide
489 2746 646 2778 fundata
673 2745 741 2777 est.
768 2745 847 2778 Nec
872 2745 929 2777 est
941 2743 1136 2782 credibile,
1156 2742 1255 2783 quod
1281 2742 1515 2784 Augustinus
1533 2742 1569 2774 et
1584 2741 1737 2772 sanctus

94 2799 258 2833 Thomas
271 2801 341 2833 hoe
360 2801 658 2834 somniauerunt.
675 2800 795 2840 Unde,
815 2801 885 2833 etsi
903 2800 1047 2841 possint
1060 2800 1097 2831 in
1116 2798 1303 2841 religione
1321 2797 1530 2830 christiana
1546 2794 1736 2838 assignari

93 2855 166 2887 duo
185 2856 287 2888 modi
311 2857 476 2895 viuendi‚
496 2856 726 2889 secularium
750 2855 927 2888 videlicet
950 2857 987 2887 et
1004 2854 1172 2894 illorum,
1190 2853 1252 2894 qui
1271 2852 1499 2894 profitentur
1523 2850 1734 2892 religiones

92 2911 276 2952 facticiaS,
296 2922 387 2953 quos
402 2913 610 2945 communis
628 2921 716 2944 usus
729 2911 930 2954 religiosos
944 2909 1122 2952 appellat,
1142 2918 1215 2941 non
1233 2910 1358 2941 tamen
1373 2907 1427 2940 ita
1443 2906 1739 2949 distinguuntur

94 2965 156 2998 isti
169 2967 270 3000 modi
285 2968 375 3009 quin
389 2967 520 3009 multa,
536 2976 608 3009 que
620 2967 851 3001 conueniunt
863 2965 1001 3000 talibus
1014 2964 1220 3007 religiosis,
1231 2962 1464 2997 conueniunt
1477 2962 1515 2995 ct
1530 2960 1738 2994 conuenire
