2050 3470
814 229 954 264 ANNO
981 229 1066 263 1397
1691 240 1753 273 167

508 340 655 382 talium,
687 340 954 382 clementinas,
974 351 1157 377 summam
1181 343 1377 386 Ostiensis,
1395 344 1668 390 Innocentium,
1687 347 1754 383 Os-

507 397 668 430 tiensem
696 397 735 429 in
760 397 904 430 duobus
931 397 1197 439 voluminibus,
1230 399 1466 434 Bernardum
1498 402 1754 445 Compostula-

510 461 679 492 nensem,
722 452 930 486 Henricum
973 454 1075 496 Boyo
1127 464 1241 497 super
1278 456 1488 490 decretales
1527 459 1565 490 in
1605 458 1751 492 duobus

509 507 777 549 voluminihuS,
814 508 1156 551 Arohydyaconum
1192 511 1230 543 et
1251 510 1463 545 Johannem
1500 513 1673 547 monachi
1713 517 1751 548 et

508 562 696 596 novellam
722 563 908 597 Johannis
937 565 1086 598 Andree
1111 575 1224 608 super
1247 568 1393 600 sextum
1418 569 1556 602 librum
1584 571 1752 604 decreta-

507 617 613 658 lium,
634 619 784 661 Dynum
808 621 846 652 et
870 620 1057 653 novellam
1083 620 1269 655 «Iohannis
1286 623 1436 657 Andree
1460 634 1573 666 super
1595 626 1749 669 regulas

503 674 600 715 juris
618 674 708 707 libri
725 675 834 708 sexti.
857 688 869 704 n
889 675 937 718 (S.
954 675 1146 716 Bormam,
1161 676 1219 710 La
1235 676 1398 712 libraz'rz'e
1422 677 1466 711 de
1489 679 1527 712 la
1555 679 1749 724 Colzeqiale

502 727 547 761 de
564 728 725 763 St-Pauz
740 731 764 762 ὰ
777 729 888 773 Lieye
904 740 956 763 au
972 730 1061 764 XVe
1087 730 1207 772 siecle,
1226 732 1265 765 in
1290 733 1363 767 (len
1391 732 1610 778 Bibliophile
1632 735 1745 781 helye,

503 784 585 818 dee]
603 784 635 826 Ι,
655 784 766 827 1866).

761 957 855 1001 110
896 953 1063 1015 (242⁴).

160 1094 329 1152 (Einde
352 1099 498 1142 1397?
535 1095 749 1151 Utrecht).
790 1095 1155 1142 Verweerschrift
1195 1112 1278 1142 van
1322 1099 1569 1145 Everardus
1606 1103 1735 1155 Foec,

100 1164 241 1208 deken
265 1164 341 1208 der
363 1164 775 1210 St·Salvat0rskerk
797 1164 961 1217 aldaar‚
989 1169 1062 1209 ten
1097 1172 1256 1223 gunste
1274 1168 1351 1212 der
1377 1170 1587 1228 Begijnen
1610 1172 1740 1216 dezer

98 1238 325 1291 gewesten
347 1237 478 1292 tegen
512 1234 564 1277 de
602 1248 859 1278 sermoenen
891 1248 944 1278 en
979 1235 1031 1278 de
1058 1236 1271 1280 schriften
1316 1252 1400 1281 van
1435 1253 1571 1283 eenen
1606 1241 1739 1285 harer

98 1304 319 1363 vijanden.
349 1329 401 1335 —
440 1305 501 1347 De
544 1303 901 1361 rechtgeloovige
939 1306 1150 1363 Begijnen
1195 1321 1279 1350 van
1326 1307 1401 1352 het
1447 1309 1736 1355 Utreehtsche
1778 1339 1780 1342 >

97 1374 276 1417 worden
301 1373 619 1432 uitdrukkelijk
643 1373 687 1416 in
721 1373 1023 1431 bescherming
1063 1389 1275 1432 genomen
1298 1376 1404 1420 door
1426 1377 1478 1421 de
1500 1377 1572 1422 bul
1595 1381 1737 1426 Recta

94 1444 212 1488 ratio
249 1458 334 1487 van
369 1443 631 1488 Benedictus
665 1444 767 1488 XII.
808 1444 990 1487 Daarom
1024 1444 1147 1488 laakt
1184 1445 1245 1504 hij
1280 1446 1494 1503 dengene,
1532 1447 1598 1491 die
1631 1449 1734 1494 deze

94 1513 308 1572 Begijnen
326 1513 369 1556 in
389 1513 502 1571 zijne
523 1526 780 1556 sermoenen
806 1527 860 1556 en
884 1513 1093 1557 sehriften
1113 1515 1326 1572 verguist.
1351 1516 1425 1559 Die
1448 1515 1732 1563 onbezonnen

91 1597 195 1627 man
226 1597 307 1627 zou
339 1584 434 1626 veel
458 1582 582 1626 beter
619 1583 728 1626 doen
751 1583 862 1626 haar
900 1582 956 1641 bij
996 1584 1078 1627 den
1119 1584 1317 1641 bissohop
1352 1599 1436 1629 aan
1467 1588 1511 1630 te
1548 1586 1725 1645 klagen,

92 1653 239 1696 indien
272 1653 331 1710 hij
366 1652 449 1696 iets
492 1666 597 1696 over
626 1652 732 1696 hare
776 1653 1054 1710 levenswijze
1094 1658 1208 1698 weet
1241 1655 1284 1698 in
1325 1658 1369 1699 te
1407 1654 1617 1712 brengen.
1658 1658 1730 1703 Dit

89 1723 196 1766 alles
238 1722 382 1766 werdt
425 1722 622 1778 gestaafd
661 1736 713 1778 op
751 1722 919 1766 allerlei
965 1723 1160 1767 teksten.
1207 1723 1299 1767 Ook
1348 1725 1399 1768 de
1439 1724 1509 1768 bul
1557 1724 1728 1772 Sancta

87 1793 300 1837 Romana
317 1805 402 1836 van
420 1791 642 1836 Johannes
661 1792 793 1835 XXII
810 1791 897 1836 kan
920 1795 1050 1849 tegen
1075 1793 1127 1837 de
1145 1794 1497 1851 rechtgeloovige
1515 1796 1726 1854 BegiJ'nen

86 1865 177 1909 niet
202 1864 380 1908 worden
402 1864 684 1921 ingeroepen,
713 1865 855 1908 zooals
879 1864 1007 1923 blijkt
1041 1866 1106 1910 uit
1138 1866 1190 1909 de
1212 1866 1285 1910 bul
1310 1868 1388 1910 Eoe
1411 1870 1615 1926 injuncto
1638 1882 1724 1912 van

84 1934 323 1991 Gregorius
355 1935 436 1978 XI.
478 1934 635 1978 Alleen
659 1934 710 1977 de
741 1933 942 1991 bisschop
975 1935 1094 1979 heeft
1119 1936 1262 1980 maeht
1286 1951 1392 1980 over
1414 1936 1465 1980 de
1488 1937 1717 1996 Begijnen,

84 2003 174 2048 niet
206 2017 282 2047 een
319 2003 686 2062 ondergeschikte
719 2004 1000 2061 (inquisiteur
1019 2005 1072 2063 ἲ).

126 2107 303 2152 Sequitur
333 2106 440 2141 aliud
467 2107 648 2150 scriptum
673 2106 817 2151 prefati
847 2107 1018 2150 mayistrz‘
1048 2112 1081 2141 et
1111 2106 1254 2141 domini
1268 2107 1458 2142 Euerardi
1472 2109 1567 2143 Foec
1590 2114 1721 2145 contra

81 2162 295 2208 quemdam,
320 2164 438 2208 quiin
461 2163 695 2197 sermonibus
710 2163 790 2196 suis
798 2162 949 2207 publice
965 2165 1159 2197 consueuit
1176 2163 1372 2199 detrahere
1388 2163 1531 2200 deuotis
1541 2168 1715 2211 personis

81 2220 121 2252 in
135 2218 486 2263 conyreyaciom‘bus
502 2217 808 2252 cohabitantibus.

125 2290 272 2324 Omissa
285 2290 508 2333 prolixitate
527 2291 734 2324 uerborum
750 2290 932 2331 inanium,
951 2299 1023 2332 que
1040 2289 1137 2324 solet
1160 2290 1395 2323 auditoribus
1411 2299 1598 2334 generare
1614 2294 1719 2327 fasti-

80 2346 196 2386 dium,
225 2348 267 2379 ut
297 2347 384 2388 Jura
412 2345 768 2388 calumpnianeium,
795 2346 859 2387 qui
887 2345 1110 2389 plerumque
1143 2345 1262 2379 multa
1277 2346 1450 2380 uidentes
1474 2348 1512 2380 et
1535 2347 1582 2380 ad
1598 2357 1718 2390 pauca

79 2402 326 2444 respicientes
344 2402 390 2435 de
407 2401 511 2435 facili
526 2403 730 2436 enunciare
748 2402 885 2443 solent,
899 2404 1116 2436 confutetur
1131 2403 1326 2436 temeritas
1343 2403 1381 2436 et
1396 2404 1536 2436 veritas
1549 2404 1718 2438 resoluta

79 2458 221 2490 erroris
238 2457 404 2500 caligine
421 2457 582 2500 prodeat
605 2457 645 2490 in
669 2458 806 2499 lucem,
824 2459 947 2501 primo
965 2459 1097 2491 contra
1110 2458 1206 2491 hane
1219 2459 1417 2492 materiam
1435 2459 1492 2492 est
1508 2459 1714 2503 sciendum,

79 2513 177 2554 quod
203 2514 322 2546 status
339 2514 589 2554 quarumdam
618 2513 822 2547 mulierum
846 2514 981 2548 harum
1005 2514 1187 2556 parcium,
1214 2523 1286 2556 que
1303 2514 1416 2557 vulgo
1433 2514 1606 2557 Beghine
1623 2525 1715 2549 nun-

77 2569 275 2610 cupantur,
295 2578 369 2601 non
384 2570 441 2602 est
453 2578 522 2611 per
534 2570 621 2611 Jura
645 2571 882 2612 reprobatus,
908 2571 946 2604 et
964 2571 1106 2603 frustra
1121 2570 1193 2602 sibi
1210 2570 1404 2603 blanditur
1420 2571 1552 2604 tenens
1576 2572 1715 2604 statum

76 2623 209 2657 talium
225 2624 429 2658 mulierum
445 2634 514 2667 per
530 2624 731 2658 ecelesiam
743 2627 989 2668 reprobatum
1005 2627 1161 2668 propter
1175 2625 1447 2659 Clementinam
1461 2626 1506 2659 de
1523 2626 1715 2670 religiosis

76 2678 261 2720 domibus,
291 2681 380 2722 quia
405 2680 473 2713 illa
490 2680 726 2714 Clementina
753 2681 922 2723 loquitur
939 2682 984 2714 de
1009 2681 1206 2723 Beghinis,
1225 2690 1297 2723 que
1315 2682 1361 2714 de
1378 2690 1524 2714 summa
1541 2682 1714 2715 trinitate

76 2735 113 2768 et
128 2735 259 2769 diuina
275 2737 446 2769 essenoia
463 2737 656 2778 disputant
673 2738 710 2771 et
734 2737 827 2771 alias
844 2738 1013 2770 curiosas
1031 2737 1228 2779 opiniones
1245 2737 1348 2769 eirca
1365 2736 1545 2770 articulos
1564 2737 1651 2770 fidei
1676 2738 1715 2771 et

75 2789 331 2824 ecclesiastica
351 2793 588 2825 sacramenta
605 2793 643 2826 et
659 2792 778 2826 multa
791 2793 867 2826 alia
890 2792 1060 2834 pericula
1077 2793 1288 2825 animarum
1313 2792 1508 2834 pariencia
1523 2793 1592 2825 sub
1610 2802 1711 2826 sano-

74 2847 194 2880 titatis
218 2849 345 2882 fucato
369 2848 558 2882 velamine
576 2849 757 2883 inducere
780 2850 1060 2892 presumebant,
1088 2858 1246 2890 quarum
1264 2849 1382 2882 status
1406 2850 1464 2882 est
1501 2849 1711 2891 damnatus,

73 2904 116 2936 ut
131 2904 235 2946 patet
250 2904 421 2937 seriatim
438 2913 506 2947 per
526 2905 738 2938 discursum
763 2905 868 2938 illius
897 2905 1131 2939 Clementine
1154 2913 1273 2946 usque
1291 2905 1336 2938 ad
1353 2905 1377 2945 ἓ
1391 2903 1488 2938 Sane
1503 2903 1708 2944 emolu-sive,-

76 2959 113 2993 et
133 2959 265 2994 eodem
281 2960 305 3002 ἓ
323 2960 609 2995 commendatur
621 2961 685 2995 aut
702 2961 836 2996 saltem
851 2961 1086 3005 permittitur
1102 2961 1221 2995 status
1238 2959 1390 2994 illarum
1406 2960 1621 3002 mulierum,
1639 2970 1712 3005 que
