2050 3470
768 266 905 302 ANNO
931 264 1016 299 1395
1649 266 1712 299 157

74 375 221 412 Christo
249 377 367 421 patris
394 385 438 410 ac
465 376 606 410 domini
634 377 752 410 nostri
781 377 923 410 domini
950 376 1134 410 Bonifacii
1163 375 1290 410 divina
1324 375 1562 418 providentia
1588 384 1708 419 papae

76 433 164 466 noni
189 441 285 466 anno
310 433 430 472 sexto,
456 432 495 464 in
518 432 593 465 mei
618 432 756 465 notarii
782 431 965 474 publici...
993 431 1210 474 praesentia
1236 430 1488 473 personaliter
1517 432 1709 464 constituti

78 487 250 530 religiosi
262 487 333 520 viri
346 487 505 529 priores,
520 487 696 529 subprior
713 487 751 520 et
767 487 981 528 canonicus,
997 487 1036 519 in
1053 485 1187 520 cedula
1203 485 1291 518 huic
1304 486 1554 519 instrumento
1569 486 1712 519 inserta.

79 551 165 576 cum
196 543 272 575 suis
302 541 424 575 titulis
454 543 651 583 nominati,
684 543 882 584 protestati
915 545 1013 581 sunt,
1048 542 1090 574 ut
1121 541 1158 573 in
1190 541 1320 574 eadem
1352 540 1485 574 cedula
1513 541 1551 573 in
1579 541 1711 583 papiro

79 598 291 640 conscripta
313 606 381 639 per
404 597 504 639 ipsos
528 598 573 630 ad
598 597 801 641 legendum
825 596 918 630 mihi
944 597 1096 636 tradita,
1124 605 1235 638 quam
1263 597 1377 630 etiam
1405 605 1531 629 coram
1560 596 1650 638 ipsis
1675 596 1713 628 et

58 661 62 665 ·
78 650 329 693 infrascriptis
345 650 504 683 testibus
529 650 678 691 publice
695 651 865 690 recitavi,
885 659 1035 683 sensum
1054 649 1268 691 hujusmodi
1287 650 1541 682 continentem
1561 658 1569 681 :

121 703 199 737 Nos
230 705 349 737 frater
377 704 571 738 Johannes
603 704 768 737 Goswini
799 704 885 743 Vos,
918 704 1051 737 beatae
1086 704 1229 737 Mariae
1261 704 1298 736 in
1331 703 1564 742 Windesem,
1595 703 1713 736 frater

76 758 271 792 Johannes
288 759 519 800 Hamerken‚
546 760 676 792 Fontis
702 760 833 794 beatae
860 759 1003 793 Mariae
1028 769 1144 802 prope
1167 759 1348 799 Arnliem‚
1368 760 1485 792 frater
1505 759 1713 792 Wernerus

78 814 315 858 Kyenkamp,
345 815 478 849 beatae
507 815 651 849 Mariae
680 815 809 848 Novae
839 814 951 848 Lucis
982 824 1120 858 propre
1153 815 1305 848 Hoerne
1336 815 1494 857 priores,
1527 816 1566 847 et
1596 815 1715 847 frater

79 870 267 904 Henricus
305 869 445 910 Wilde,
472 870 648 913 subprior
691 871 823 904 beatae
867 870 1010 904 Mariae
1050 871 1088 903 in
1127 869 1359 910 Windesem,
1399 870 1714 904 monasteriorum

78 925 345 959 canonicorum
380 924 629 968 regularium,
666 926 703 959 et
739 926 858 959 frater
893 925 1090 959 Goswinus
1125 925 1285 968 Tyasen,
1324 925 1543 958 monasterii
1581 925 1714 958 beatae

79 979 223 1014 Mariae
236 981 274 1014 in
287 981 507 1015 Windesem
520 981 723 1015 canonicus
737 981 939 1025 regularis,
955 981 1097 1014 ordinis
1111 981 1230 1015 sancti
1241 981 1714 1025 Augustini‚Trajectensis

78 1035 274 1077 dioecesis,
293 1045 419 1070 coram
437 1037 545 1070 nobis
561 1036 770 1070 Wilhelmo
789 1035 957 1076 Henrici‚
986 1037 1134 1070 notario
1151 1036 1314 1079 publico,
1333 1038 1371 1070 et
1384 1036 1546 1071 Henrico
1564 1036 1713 1077 Mande,

77 1089 251 1125 Johanne
268 1091 433 1126 Scutken
451 1093 489 1126 et
506 1091 696 1134 Stephano
715 1090 870 1134 Mulert‚
889 1091 1053 1133 clericis,
1082 1092 1241 1125 testibus
1265 1092 1539 1134 praesentibus,
1564 1091 1714 1134 publice

78 1147 329 1189 protestamus
361 1148 400 1180 et
422 1147 608 1181 universis
633 1147 804 1190 cupimus
828 1155 910 1181 esse
935 1148 1079 1187 notum,
1105 1147 1204 1189 quod
1228 1156 1295 1180 nos
1319 1147 1592 1180 emendationis
1615 1147 1715 1181 vitae

78 1201 204 1244 gratia
226 1201 355 1235 multis
379 1203 487 1236 annis
513 1202 740 1236 Daventriae
765 1203 978 1237 conversati
1010 1212 1138 1236 sumus
1169 1212 1254 1236 cum
1277 1202 1420 1236 devotis
1443 1202 1533 1235 viris
1557 1202 1717 1235 dominis

78 1257 261 1299 magistro
289 1257 483 1291 Florentio
507 1258 721 1298 Radewini,
749 1259 932 1300 perpetuo
956 1258 1100 1291 vicario
1140 1257 1323 1291 ecclesiae
1348 1257 1573 1300 collegiatae
1597 1258 1716 1291 sancti

79 1312 239 1346 Lebuini
253 1313 547 1356 Daventriensis,
567 1313 758 1348 Lubberto
775 1317 836 1346 ten
856 1313 1038 1355 Bussche,
1055 1313 1289 1356 presbyteris
1313 1315 1351 1347 et
1375 1312 1458 1346 aliis
1483 1313 1715 1356 presbyteris

79 1367 118 1401 et
140 1366 289 1401 clericis
306 1369 413 1402 extra
429 1368 655 1412 religionem
673 1369 712 1401 in
741 1367 873 1402 habitu
899 1367 1094 1409 clericali3
1120 1369 1171 1408 et,
1196 1369 1394 1410 postquam
1419 1368 1464 1400 ad
1489 1367 1715 1411 religionem

79 1423 259 1466 assumpti
283 1433 423 1463 sumus,
449 1424 547 1466 apud
570 1424 784 1467 praedictos
808 1424 1051 1466 presbyteros
1077 1424 1115 1457 et
1140 1422 1299 1456 clericos
1323 1424 1361 1456 et
1391 1422 1485 1456 alios
1516 1432 1601 1456 cum
1625 1423 1716 1465 ipsis

78 1476 232 1510 interim
247 1477 456 1520 hospitatos
480 1480 701 1520 frequenter
723 1479 888 1521 hospitio
913 1479 1056 1521 recepti
1081 1487 1232 1519 sumusg
1259 1478 1295 1511 et
1319 1487 1386 1511 nos
1410 1478 1482 1520 ipsi
1506 1486 1572 1511 seu
1597 1477 1715 1520 aliqui

79 1540 211 1566 eorum
222 1532 414 1567 multoties
430 1535 641 1567 visitarunt.
660 1534 717 1568 Ex
734 1534 794 1567 his
820 1536 858 1568 et
881 1535 981 1568 fama
1005 1533 1270 1573 veridicorum,
1296 1542 1392 1575 quae
1416 1533 1461 1566 de
1486 1532 1578 1575 ipsis
1601 1532 1713 1573 volat,

79 1587 125 1620 de
138 1588 237 1621 statu
254 1597 384 1622 eorum
401 1590 633 1624 sufficienter
649 1591 772 1623 edocti
784 1591 822 1623 et
838 1589 917 1623 zelo
934 1590 1061 1623 rectae
1078 1589 1167 1622 fidei
1181 1591 1219 1622 et
1235 1588 1531 1622 conversationis
1548 1588 1716 1630 ipsorum

78 1643 305 1678 intrinsecus
322 1646 426 1686 tacti,
445 1646 567 1688 parati
585 1655 712 1678 sumus
730 1645 775 1678 de
800 1645 1063 1687 infrascriptis,
1079 1645 1109 1678 si
1128 1654 1220 1687 opus
1240 1644 1368 1683 suerit,
1387 1646 1486 1676 stare
1503 1643 1716 1685 juramento

79 1708 207 1733 coram
238 1700 410 1733 omnibus
441 1710 602 1742 quorum
633 1701 818 1735 interesse
849 1699 991 1743 poterit
1020 1701 1067 1733 ad
1098 1700 1375 1734 convincendos
1407 1700 1443 1733 et
1469 1698 1716 1732 confutandos

81 1755 226 1790 emulos
250 1756 288 1789 et
311 1756 543 1790 detractores
571 1766 579 1789 :

123 1810 310 1844 Videlicet
333 1811 431 1853 quod
455 1811 599 1845 nullam
622 1811 822 1852 haeresim,
848 1812 1002 1851 sectam,
1029 1811 1167 1844 scisma
1190 1811 1254 1844 aut
1284 1809 1432 1844 occulta
1457 1808 1718 1843 conventicula

79 1866 289 1908 reperimus
317 1866 417 1900 inter
443 1866 557 1909 ipsos,
587 1875 655 1900 nee
687 1867 924 1909 percepimus
957 1875 1021 1899 eos
1052 1865 1275 1908 praedicare
1309 1866 1418 1899 extra
1449 1864 1628 1898 ecclesias
1658 1863 1716 1897 vel

79 1922 270 1964 disputare
287 1921 333 1955 de
349 1921 519 1956 articulis
536 1922 625 1955 fidei
641 1921 700 1955 vel
717 1922 763 1955 de
781 1923 934 1956 Summa
952 1921 1141 1955 Trinitate
1159 1922 1223 1955 aut
1240 1921 1286 1954 de
1314 1921 1442 1953 divina
1458 1917 1717 1961 clementiam

77 1976 136 2011 vel
161 1986 352 2011 assumere
374 1977 447 2010 sibi
470 1977 643 2021 regulam
667 1977 833 2019 aliquam
855 1977 915 2011 vel
944 1986 1081 2010 novum
1110 1977 1281 2010 ordinem
1310 1978 1375 2009 aut
1404 1975 1575 2009 habitum
1598 1982 1717 2008 novae

76 2031 287 2076 religionis,
318 2032 375 2067 vel
412 2033 557 2076 eligere
592 2033 663 2066 sibi
687 2032 890 2075 praelatos,
931 2042 1024 2074 quos
1063 2033 1302 2075 gwardianos
1339 2031 1398 2065 vel
1435 2032 1629 2065 ministros
1653 2031 1718 2064 aut

77 2088 373 2130 quibuscumque
390 2087 475 2121 aliis
498 2088 713 2130 hujusmodi
738 2089 954 2122 nominibus
977 2088 1124 2128 vocant,
1150 2088 1334 2121 facientes
1359 2087 1414 2121 eis
1432 2086 1714 2129 professionem,

76 2143 330 2185 promittendo
355 2143 621 2184 obedientiam,
638 2145 902 2186 paupertatem
926 2144 964 2176 et
987 2143 1220 2183 castitatem3
1248 2141 1342 2176 haec
1368 2143 1406 2175 et
1429 2140 1644 2184 hujusmodi
1661 2140 1716 2173 eis

79 2196 214 2231 illicita
245 2200 284 2232 et
310 2207 332 2232 a
359 2201 489 2233 sancta
519 2199 680 2233 ecclesia
709 2200 764 2232 eis
796 2198 990 2241 prohibita
1020 2199 1066 2232 de
1094 2199 1149 2232 eis
1181 2207 1383 2240 numquam
1415 2193 1625 2231 audivimus
1653 2196 1719 2229 aut

79 2254 239 2288 vidimus
256 2254 356 2288 inter
369 2255 469 2297 ipsos
485 2265 493 2296 ;
511 2255 577 2288 sed
594 2255 754 2288 firmiter
770 2255 817 2288 de
842 2255 933 2297 ipsis
946 2255 1118 2288 tenemus
1143 2255 1181 2287 et
1204 2254 1404 2294 credimus,
1420 2253 1518 2295 quod
1543 2250 1654 2285 simul
1680 2251 1717 2284 in

80 2311 269 2343 communi
285 2310 331 2343 de
347 2309 477 2344 labore
492 2319 671 2343 manuum
689 2319 842 2344 suarum
859 2310 897 2344 et
912 2310 1135 2350 redditibus,
1155 2319 1247 2351 quos
1266 2309 1384 2351 aliqui
1415 2317 1547 2342 eorum
1564 2307 1716 2346 habent,

80 2374 172 2407 quos
185 2367 309 2400 tamen
326 2365 537 2399 liberaliter
549 2366 728 2409 redigunt
744 2366 783 2398 in
799 2365 1208 2408 commune,humiliter
1221 2366 1259 2398 et
1272 2364 1428 2398 honeste
1443 2364 1482 2396 in
1495 2363 1717 2407 paupertate

80 2421 118 2454 et
151 2422 324 2455 castitate
360 2422 398 2455 et
431 2422 592 2455 caeteris
626 2421 829 2454 virtutibus
864 2421 1018 2462 vivuntg
1061 2420 1251 2454 Romanae
1290 2419 1472 2453 ecclesiae
1512 2427 1718 2461 eorumque

79 2475 300 2517 praelatis...
326 2479 543 2511 reverenter
567 2477 759 2518 obediunt,
787 2477 966 2510 ecclesias
995 2477 1129 2510 devote
1158 2477 1400 2518 frequentant
1430 2485 1499 2509 nec
1529 2475 1719 2517 aliquibus

81 2539 121 2564 se
149 2532 341 2564 erroribus
367 2531 575 2572 involvunt,
606 2532 671 2575 sed
699 2532 832 2564 intimo
862 2531 1058 2564 charitatis
1087 2539 1215 2564 amore
1243 2531 1314 2563 sibi
1342 2530 1501 2564 invicem
1536 2530 1720 2572 serviunt,

81 2585 337 2621 desiderantes
354 2596 466 2629 quam
482 2587 688 2629 plurimum
704 2586 815 2619 simul
836 2595 879 2620 ac
896 2586 1059 2620 invicem
1076 2586 1116 2619 in
1133 2585 1358 2619 humilitatis
1376 2586 1510 2628 spiritu
1525 2585 1717 2619 Altissimo

81 2641 258 2676 famulari
274 2643 382 2684 juxta
405 2643 712 2676 constitutionem
737 2642 913 2685 Gregorii
938 2651 1057 2684 papae
1081 2641 1148 2680 XI,
1175 2650 1270 2683 quae
1296 2641 1429 2683 incipit
1451 2640 1511 2674 E'oe
1533 2640 1715 2683 injuncto.

127 2697 218 2731 Post
240 2698 346 2739 cujus
385 2697 540 2731 cedulae
565 2698 826 2732 recitationem
852 2697 1037 2740 praedicti
1061 2696 1234 2740 religiosi
1259 2696 1330 2729 viri
1354 2696 1514 2738 priores,
1541 2696 1717 2738 subprior

82 2752 120 2785 et
133 2752 334 2786 canonicus
350 2754 542 2796 petierunt
555 2762 637 2787 eam
654 2762 722 2796 per
738 2761 798 2788 me
814 2753 1003 2787 notarium
1019 2752 1301 2795 infrascriptum
1317 2751 1521 2786 transsumi
1537 2752 1576 2786 et
1590 2751 1714 2794 redigi

81 2807 120 2840 in
137 2807 329 2850 publicum
347 2809 650 2843 instrumentum.

84 2915 1047 2931 ——————————-—4-.-—-—-—

127 2973 174 3020 (1)
197 2974 272 3010 Zou
289 2975 373 3012 hier
392 2977 470 3011 niet
486 2977 643 3012 essentia
658 2978 696 3011 te
714 2976 816 3012 lezen
843 2977 915 3019 zijn
933 2977 946 3010 2
