2050 3470
780 241 918 276 ANNO
945 241 1030 275 1420
1665 243 1730 276 239

136 355 294 389 Multum
308 354 518 388 mirabatur
543 353 729 395 quomodo
755 353 892 395 prelati
925 353 1185 387 substinebant
1200 351 1275 385 tale
1293 352 1396 393 quid,
1415 351 1561 385 scilicet
1577 352 1731 386 deferre

88 409 305 444 huiusmodi
330 410 514 443 feretrum
539 418 608 451 per
624 409 766 451 patrias
790 418 876 442 suas
894 410 1062 455 ‘propter
1086 408 1195 450 larga
1212 408 1383 450 donaria,
1403 418 1475 451 que
1493 419 1514 443 a
1539 409 1731 451 religiosis

88 466 208 500 sancti
223 465 380 499 Antonii
397 464 600 497 habebant.

132 520 312 563 Deputati
337 520 384 554 ad
407 520 634 562 portandum
652 519 867 554 huiusmodi
885 521 1069 554 feretrum
1098 529 1172 553 non
1201 521 1289 553 sunt
1305 520 1377 553 nisi
1394 522 1664 563 trumptatores
1692 521 1731 554 et

87 575 345 610 cabusatoreS.

130 631 216 666 Non
233 631 424 671 credebat,
444 632 543 673 quod
561 631 733 675 religiosi
750 632 888 674 prefati
907 641 1021 675 super
1040 632 1307 675 deportatione
1332 632 1466 666 feretri
1484 641 1569 666 cum
1594 632 1731 667 ceteris

87 695 160 728 que
176 686 230 720 ibi
247 687 354 728 fiunt,
374 686 622 721 obtinuerunt
638 687 766 730 aliqua
782 687 1002 730 priuilegia.

130 741 213 776 Hoc
229 742 374 776 faciunt
390 742 559 776 indebite
574 744 612 776 et
625 744 764 785 injuste
778 742 961 785 populum
976 743 1202 777 seducendo.

129 797 214 831 Non
232 797 410 831 credebat
423 798 506 832 fore
520 807 663 839 verum,
683 798 783 840 quod
796 797 962 831 habeant
978 798 1034 831 illi
1049 798 1221 841 religiosi
1236 798 1493 841 indulgentias
1511 806 1532 831 a
1549 805 1646 839 papa
1659 805 1727 838 pro

83 852 207 886 dando
221 852 364 894 aliquid
389 853 500 886 beato
515 855 678 887 Antonio
697 863 763 887 seu
782 854 924 887 nuntiis
942 854 1024 887 eius
1038 863 1104 887 seu
1122 854 1247 896 porcis
1264 854 1502 896 portantibus
1519 860 1726 895 campanu-

83 907 159 942 lam
172 908 274 942 beati
286 909 466 950 Antoniig
486 910 626 943 addens
645 910 743 952 quod
763 919 953 952 nunquam
971 910 1108 952 aliquis
1133 919 1231 952 papa
1255 910 1360 943 dedit
1384 908 1641 952 indulgentias
1658 917 1726 949 pro

84 963 207 997 dando
220 964 361 997 victum
375 964 542 998 animali.

128 1018 240 1053 Tales
257 1019 430 1063 religiosi
448 1021 486 1053 et
503 1021 624 1053 nuntii
641 1021 811 1063 ipsorum
828 1020 1040 1054 intulerunt
1065 1021 1243 1054 timorem
1272 1020 1514 1054 audientibus
1532 1020 1570 1052 et
1583 1027 1728 1061 preser-

82 1074 150 1108 tim
167 1074 207 1107 in
223 1073 399 1118 villagijs,
415 1076 514 1116 quod
531 1077 681 1109 sanctus
698 1077 1089 1110 Antonius·eomburit
1117 1086 1206 1117 e0s3
1237 1077 1275 1109 et
1299 1077 1385 1109 ideo
1414 1076 1552 1108 timore
1579 1076 1724 1117 perter-

83 1130 160 1170 riti,
179 1130 299 1163 sinon
315 1129 483 1164 habeant
500 1132 572 1164 nisi
585 1141 700 1165 vnum
719 1132 931 1172 denarium,
951 1133 1087 1165 darent
1100 1132 1277 1165 eundem.

128 1185 375 1220 sacrosancta
408 1187 573 1229 synodus
603 1187 914 1230 Constantiensis,
948 1188 995 1221 ad
1028 1196 1141 1229 quam
1165 1187 1287 1220 dietus
1316 1186 1497 1220 Nicolaus
1522 1186 1727 1228 propterea

83 1241 337 1283 personaliter
362 1244 584 1283 accesserat,
615 1244 653 1276 et
683 1243 729 1276 ad
764 1244 871 1276 cuius
900 1243 1035 1285 synodi
1060 1243 1211 1276 articuli
1243 1243 1282 1276 et
1306 1243 1537 1276 assertiones
1565 1241 1727 1284 predicti

84 1297 259 1331 notitiam
275 1300 545 1340 peruenerant,
561 1299 650 1331 tunc
667 1299 876 1341 apostolica
893 1299 982 1332 sede
1009 1299 1182 1340 vacante,
1209 1298 1357 1331 tantum
1385 1297 1521 1338 scelus,
1539 1305 1586 1330 ne
1604 1297 1730 1331 satore

83 1352 223 1386 zizanie
240 1354 470 1395 procurante
484 1354 522 1386 in
546 1353 763 1387 huiusmodi
780 1354 988 1387 christiana
1005 1354 1079 1387 fide
1108 1354 1146 1387 et
1162 1353 1304 1396 populo
1322 1353 1556 1395 peramplius
1572 1352 1732 1395 pullula·

83 1409 155 1449 ret,
173 1408 355 1442 radicitus
373 1409 567 1451 extirpare
592 1410 758 1452 cupiens,
775 1411 813 1443 et
838 1410 883 1443 de
900 1410 1096 1452 premissis
1122 1410 1266 1443 certam
1280 1409 1454 1442 notitiam
1478 1418 1553 1441 non
1570 1407 1728 1449 habens,

83 1464 293 1498 venerabili
305 1465 416 1498 fratri
434 1466 563 1498 nostro
581 1466 603 1500 J
608 1466 721 1499 oanni
738 1465 955 1508 patriarche
973 1464 1392 1507 Constantinopolitano
1410 1465 1449 1496 in
1467 1464 1566 1498 dicta
1583 1463 1726 1506 synodo

83 1520 122 1553 et
134 1519 253 1562 ipsius
264 1521 504 1563 potissimum
519 1521 733 1555 membrum
746 1521 926 1555 existenti
943 1531 1095 1555 causam
1118 1520 1376 1562 inquisitionis
1393 1519 1609 1553 huiusmodi
1625 1519 1672 1553 ad
1685 1527 1726 1552 se

83 1575 285 1618 aduocans‚
304 1585 387 1610 eam
405 1578 451 1610 ad
476 1577 696 1611 instantiam
726 1577 855 1612 dilecti
886 1576 957 1610 filii
985 1576 1184 1610 Michaelis
1214 1577 1260 1609 de
1293 1575 1420 1609 Broda
1447 1573 1726 1615 Theutonicali,

82 1630 213 1665 clerici
229 1633 459 1676 promotoris
473 1635 510 1667 et
523 1634 759 1677 instigatoris
777 1642 977 1667 causarum
997 1633 1087 1667 fidei
1105 1632 1307 1673 catholice,
1327 1641 1412 1665 cum
1429 1632 1531 1665 idem
1548 1631 1728 1665 Nicolaus

82 1686 173 1720 tunc
189 1689 288 1730 apud
313 1689 442 1722 sedem
466 1689 648 1723 existeret
679 1690 904 1733 predictam,
930 1690 969 1722 vt
992 1689 1200 1732 prefertur,
1219 1688 1446 1722 audiendam
1474 1687 1662 1721 commisit
1689 1679 1735 1720 et'

83 1742 158 1776 fine
171 1743 298 1777 debito
312 1745 603 1779 terminandam.

126 1798 175 1831 Et
191 1799 328 1833 deinde
352 1802 550 1843 postquam
576 1801 676 1834 idem
700 1801 919 1843 patriarcha
936 1801 982 1834 ad
1008 1801 1196 1833 dictorum
1224 1798 1473 1833 articulorum
1489 1799 1527 1832 et
1554 1798 1728 1832 assertio-

83 1863 185 1894 num,
204 1855 250 1887 ad
278 1856 316 1888 id
334 1857 475 1889 vocatis
490 1858 527 1890 et
543 1857 786 1898 presentibus
810 1857 970 1890 Nicolao
988 1856 1159 1899 predicto
1187 1864 1402 1898 magnoque
1427 1853 1726 1896 archiepiscopo-

82 1917 181 1949 rum,
207 1910 483 1953 episeoporum,
521 1912 700 1944 abbatum
734 1913 772 1945 et
811 1912 974 1945 aliorum
1008 1912 1047 1944 in
1079 1911 1212 1945 eadem
1247 1909 1444 1953 theologia
1472 1917 1618 1942 necnon
1641 1908 1726 1950 jure

83 1965 263 1998 canonico
281 1966 319 2000 et
336 1967 441 2000 ciuili
454 1968 725 2010 magistrorum
739 1968 777 2001 et
794 1968 992 2001 doctorum
1007 1976 1177 2007 numero,
1194 1966 1467 1999 discussionem
1485 1965 1524 1997 et
1536 1963 1725 1997 examina-

82 2020 224 2054 tionem
242 2021 477 2065 diligentem,
497 2032 643 2057 necnon
661 2024 762 2057 circa
778 2023 931 2056 illorum
948 2032 1017 2066 per
1030 2022 1230 2057 Nicolaum
1247 2021 1459 2064 predictum
1476 2019 1724 2053 assertionem

83 2077 122 2110 et
137 2077 396 2112 defensionem
413 2080 662 2121 processerat,
681 2089 762 2119 nos,
793 2079 923 2112 diuina
938 2080 1093 2112 fauente
1117 2078 1321 2112 clementia
1348 2077 1395 2110 ad
1421 2076 1558 2109 summi
1575 2076 1724 2117 aposto-

83 2131 182 2166 latus
217 2134 363 2176 apicem
400 2135 595 2177 assumpti,
634 2135 743 2177 juxta
783 2135 953 2168 debitum
992 2134 1227 2177 apostolatus
1264 2133 1380 2166 officii
1419 2131 1527 2164 nobis
1565 2129 1726 2172 injuncti

83 2188 300 2223 huiusmodi
316 2189 470 2224 hereses
495 2192 533 2223 et
556 2199 707 2224 errores
726 2190 920 2232 cupientes
946 2199 967 2223 a
996 2190 1070 2223 fide
1087 2191 1125 2223 et
1148 2188 1289 2231 populo
1308 2187 1499 2221 eliminari
1530 2185 1725 2228 predictis,

83 2245 232 2288 prefato
257 2245 474 2287 patriarche
493 2245 764 2286 commisimus,
779 2246 818 2277 vt
842 2254 994 2278 eausam
1011 2245 1222 2287 predictam
1239 2244 1277 2275 in
1292 2252 1336 2276 eo
1351 2243 1464 2282 statu,
1482 2241 1521 2274 in
1538 2250 1611 2282 quo
1635 2241 1728 2273 tem-

83 2309 176 2343 pore
193 2301 461 2343 assumptionis
478 2301 606 2334 nostre
624 2300 840 2334 huiusmodi
857 2310 985 2334 coram
999 2309 1044 2334 eo
1058 2300 1308 2338 remanserat,
1326 2297 1551 2336 resumeret,
1566 2303 1725 2337 eamque

83 2354 241 2389 vlterius
272 2357 432 2397 audiret,
465 2358 504 2390 et
542 2356 616 2390 fine
658 2357 785 2390 debito
826 2357 1064 2397 terminaret,
1099 2356 1207 2398 ,iuxta
1241 2355 1414 2388 tenorem
1449 2349 1725 2386 commissionis

83 2411 284 2445 antedicte.

127 2467 267 2501 Postea
278 2477 367 2501 vero
381 2477 450 2510 per
466 2469 628 2501 eundem
641 2467 898 2510 patriarcham
912 2476 1026 2510 super
1045 2466 1218 2500 articulis
1235 2466 1273 2499 et
1289 2464 1563 2500 assertionibus
1579 2472 1725 2497 memo-

83 2523 177 2556 ratis
190 2532 275 2556 cum
292 2523 599 2566 archiepiscopis,
618 2524 819 2566 episcopis,
838 2523 1049 2563 abbatibus,
1069 2522 1283 2563 ceterisque
1300 2520 1495 2563 magistris
1512 2520 1550 2553 et
1563 2518 1724 2552 doctori-

85 2577 152 2611 bus
167 2579 338 2620 prefatis,
353 2579 585 2613 discussione
602 2581 640 2613 et
657 2579 937 2613 examinatione
955 2577 1290 2621 peramplioribus,
1310 2575 1508 2609 catholicis
1525 2576 1564 2608 et
1587 2575 1723 2608 veridi-

84 2633 149 2673 cis,
176 2635 215 2666 et
241 2643 355 2677 super
382 2643 514 2668 corum
549 2635 809 2677 predicatione
849 2636 887 2668 et
922 2634 1132 2667 assertione
1167 2631 1385 2665 huiusmodi
1420 2639 1489 2673 per
1523 2628 1723 2664 Nicolaum

83 2691 334 2723 memoratum
351 2691 474 2731 factis,
492 2691 529 2722 vt
543 2691 750 2732 prefertur,
768 2690 1043 2723 sufficientibus
1067 2687 1355 2731 probationibus
1372 2688 1450 2720 tam
1474 2695 1543 2728 per
1570 2685 1725 2728 fidedig-

84 2753 218 2778 norum
234 2746 388 2779 testium
412 2746 450 2778 in
469 2745 684 2778 huiusmodi
701 2755 813 2779 causa
840 2746 1111 2788 productorum
1135 2745 1174 2777 et
1189 2743 1492 2777 examinatorum
1516 2739 1721 2774 attestatio-

84 2808 169 2833 nem
183 2800 346 2842 fidelem,
362 2811 473 2843 quam
487 2801 580 2834 alias
594 2802 708 2835 etiam
721 2811 790 2844 per
802 2809 1021 2844 processum
1037 2809 1106 2842 per
1119 2800 1260 2832 dictum
1272 2799 1295 2832 J
1299 2797 1487 2832 ohannem
1503 2796 1721 2839 episcopum

82 2856 214 2895 eadem
231 2858 457 2891 auctoritate
474 2858 629 2899 sactum,
656 2859 694 2890 vt
711 2858 914 2899 prefertur,
933 2855 1157 2899 prehabitiS,
1172 2855 1344 2897 prefatus
1361 2852 1542 2887 Nicolaus
1559 2850 1723 2893 Spiritus

83 2910 210 2945 Sancti
233 2913 359 2956 gratia
387 2913 433 2946 ad
459 2913 557 2946 viam
581 2913 753 2946 veritatis
780 2913 972 2952 reduetus,
1005 2912 1044 2944 in
1071 2910 1266 2954 premissis
1283 2918 1324 2943 se
1340 2909 1505 2952 turpiter
1521 2915 1669 2942 errasse
1686 2906 1725 2939 et

82 2966 287 3010 deliquisse
326 2976 571 3013 cognoscens,
614 2968 714 3002 dicta
748 2968 908 3002 durante
936 2966 1093 3010 synodo,
1130 2966 1234 3000 certo
1270 2963 1528 3007 peremptorio
1557 2961 1721 2998 termino
