2050 3470
888 252 1025 286 ANNO
1056 250 1139 283 1517
1772 249 1837 281 295

184 368 420 425 askeuring
442 367 564 411 lucht
588 380 692 409 over
720 366 797 409 het
821 364 985 408 offeren
1005 377 1089 407 van
1112 361 1399 406 Waskaarsen
1424 375 1478 405 en
1502 361 1664 405 andere
1697 360 1836 418 giften

185 436 293 482 voor
310 438 389 482 het
405 437 550 493 Heilig
572 436 825 480 Sacrament
844 448 897 477 en
917 435 993 478 het
1011 432 1135 476 beeld
1154 435 1230 476 der
1248 431 1408 487 Maagd
1433 431 1589 484 Maria,
1611 431 1834 488 zeggende

185 507 259 551 dat
279 521 377 550 men
400 507 506 550 daar
530 506 623 549 veel
650 504 954 560 verstandiger
974 503 1081 561 spijs
1104 516 1158 546 en
1181 501 1322 545 drank
1343 514 1421 543 zou
1446 515 1539 544 mee
1563 500 1751 557 koopen.
1772 500 1835 557 Op

184 576 466 633 verschillige
490 576 689 632 plaatsen
725 589 778 618 en
813 575 856 617 in
890 573 1131 630 oneerlijke
1154 570 1444 614 drinkhuizen
1467 569 1738 626 beschimpte
1770 570 1830 628 hij

185 647 268 690 den
302 646 444 689 deken
480 659 532 688 en
572 645 649 688 het
685 644 871 701 kapittel
896 643 973 686 der
1005 641 1250 685 hoosdkerk
1275 640 1464 684 alsmede
1488 640 1540 683 de
1573 639 1758 696 burgers
1781 655 1835 684 en

185 716 268 760 den
303 715 564 772 magistraat
587 715 664 757 der
687 714 802 758 stad.
830 715 888 756 De
913 711 1172 770 geestelijke
1195 725 1249 754 en
1273 700 1554 768 wereldlijke¹
1583 710 1833 753 overheden

181 785 374 829 alsmede
400 785 485 828 alle
507 784 670 827 andere
694 796 927 840 personen,
965 782 1032 825 die
1066 785 1197 838 tegen
1222 781 1305 823 den
1343 779 1610 823 verdachten
1645 779 1835 836 priester

181 855 266 899 iets
297 857 339 899 te
361 854 570 911 getuigen
589 852 777 905 hebben,
805 853 949 895 zullen
969 852 1148 895 daartoe
1173 850 1381 893 driemaal
1401 849 1581 892 worden
1600 849 1798 906 gedaagd
1820 865 1828 902 ;

182 925 349 968 daarna
366 924 433 968 zal
458 923 510 967 de
533 923 716 967 officiaal
739 926 805 967 tot
828 922 905 966 het
930 921 1242 964 veroordeelen
1266 920 1314 963 of
1331 919 1613 976 vrijSpreken
1636 934 1723 964 van
1747 920 1830 963 den

181 993 373 1051 priester
393 1007 631 1050 overgaan.
658 992 721 1048 Op
745 992 827 1035 den
852 991 1068 1035 banvloek
1093 1005 1146 1034 en
1170 1004 1223 1047 op
1248 1004 1354 1033 eene
1388 989 1590 1047 geldboet
1617 1002 1700 1032 van
1725 987 1834 1031 hon-

182 1063 290 1108 derd
308 1063 434 1107 mark
458 1063 533 1121 fijn
559 1062 673 1119 goud
697 1061 844 1105 werdt
876 1060 1225 1104 ondertusschen
1258 1059 1478 1103 verboden
1513 1059 1595 1102 iets
1618 1061 1749 1115 tegen
1783 1058 1836 1101 de

181 1133 367 1177 rechten
401 1133 481 1176 der
523 1132 786 1190 geestelijke
824 1130 1071 1175 rechtbank
1110 1130 1157 1173 of
1184 1130 1269 1173 den
1290 1129 1601 1186 beschuldigde
1633 1128 1681 1171 of
1720 1127 1835 1185 zijne

180 1203 399 1261 goederen
433 1205 479 1247 te
502 1202 814 1245 ondernemen.
852 1202 1012 1259 (Frans
1037 1199 1312 1253 Troissoubz‚
1350 1199 1492 1243 deken
1515 1213 1602 1242 van
1626 1197 1828 1249 Helchin,

179 1274 409 1317 verklaart
430 1272 568 1316 onder
591 1273 666 1316 het
690 1271 810 1324 stuk,
834 1271 909 1315 dat
932 1271 992 1328 hij
1018 1284 1102 1314 aan
1126 1270 1231 1313 deze
1253 1272 1352 1314 acte
1376 1269 1497 1314 heeft
1519 1269 1678 1326 gevolg
1702 1281 1836 1325 gege-

179 1357 266 1387 ven
300 1357 353 1401 op
386 1344 414 1387 5
446 1341 705 1399 September
741 1340 895 1400 1517.)

444 1458 503 1492 La
526 1460 562 1492 6⁶
577 1460 671 1504 ferie
694 1468 804 1503 apres
828 1458 866 1492 la
889 1457 1098 1492 decolation
1122 1457 1167 1491 de
1190 1458 1225 1492 S.
1252 1458 1352 1493 Jecm
1375 1457 1560 1501 Baptiste.

226 1534 410 1568 Officialis
443 1535 698 1568 Tornacensis
724 1535 898 1567 omnibus
930 1534 1167 1577 presbyteris
1195 1535 1234 1568 et
1262 1534 1420 1576 notariis
1460 1533 1569 1566 nobis
1594 1531 1755 1565 subditis
1787 1532 1833 1565 ad

180 1600 274 1633 quos
291 1600 358 1624 seu
376 1600 489 1632 quem
507 1592 635 1624 nostre
653 1592 852 1633 presentes
870 1590 999 1623 littere
1017 1590 1279 1632 peruenerint‚
1299 1590 1461 1623 salutem
1475 1589 1513 1621 in
1532 1588 1707 1621 Domino.

225 1646 319 1679 Cum
336 1656 404 1679 nos
422 1647 650 1689 magistrum
666 1647 896 1689 Jaspardum
915 1646 1057 1679 dictum
1075 1646 1262 1679 Johannis
1280 1646 1481 1685 Fournier‚
1501 1644 1683 1677 clericum
1699 1643 1833 1686 prisio-

178 1702 625 1744 nariun1‚J‘usticiabilem
640 1703 825 1742 nostrum,
842 1711 963 1743 nuper
976 1711 1045 1744 per
1062 1701 1307 1734 honorabiles
1320 1702 1421 1734 viros
1435 1700 1606 1733 dominos
1620 1699 1834 1742 prepositos

177 1759 217 1792 et
243 1759 390 1800 J‘uratos
408 1757 521 1791 huius
538 1757 628 1791 ville
654 1760 692 1791 et
717 1758 884 1791 ciuitatis
902 1758 1155 1790 Tornacensis
1182 1758 1227 1790 de
1253 1766 1386 1790 eorum
1418 1756 1595 1789 mandato
1625 1755 1777 1797 captum
1796 1754 1835 1787 et

177 1814 286 1847 nobis
304 1814 486 1847 canonice
511 1814 747 1856 puniendum
764 1814 985 1846 restitutum
1001 1814 1041 1855 jn
1072 1813 1212 1846 nestris
1236 1813 1415 1855 prisonijs
1441 1812 1578 1845 clausis
1597 1811 1833 1844 detineamus

176 1869 430 1912 corporaliter
446 1870 718 1912 mancipatum,
736 1869 861 1912 parati
879 1869 1085 1911 unicuique
1102 1870 1148 1902 de
1166 1869 1383 1911 supradicto
1402 1867 1631 1910 prisionario
1648 1867 1778 1899 nostro
1793 1875 1833 1899 se

175 1926 277 1968 Juste
311 1926 495 1967 conqueri
531 1925 674 1959 volenti
706 1926 848 1958 bonum
878 1926 916 1958 et
948 1926 1065 1958 breue
1092 1925 1245 1967 ⁸iusticie
1281 1924 1603 1967 complementum
1635 1921 1832 1963 exhibere,

178 1982 336 2024 ipseque
361 1981 613 2024 prisionarius
642 1982 773 2014 noster
800 1990 840 2014 se
866 1980 1005 2013 obtulit
1032 1981 1070 2014 et
1102 1981 1214 2013 offert
1238 1981 1339 2013 stare
1366 1980 1443 2022 J'uri
1469 1988 1596 2012 coram
1625 1978 1733 2011 nobis
1765 1987 1832 2010 suo

176 2038 304 2079 judice
322 2037 517 2070 ordinario
551 2038 590 2070 et
617 2037 877 2071 ecclesiastico
908 2038 1042 2070 contra
1073 2038 1112 2070 et
1139 2037 1322 2070 aduersus
1351 2043 1609 2077 quoscumque
1633 2034 1680 2066 de
1697 2034 1831 2066 eodem

178 2093 317 2126 clerico
332 2102 372 2126 se
387 2093 488 2135 juste
506 2093 689 2134 conqueri
706 2093 878 2126 volentes
892 2094 938 2126 de
956 2095 994 2126 et
1010 2101 1124 2134 super
1148 2092 1345 2134 quibusuis
1363 2091 1599 2133 criminibus,
1614 2089 1831 2123 excessibus

177 2149 216 2182 et
232 2148 380 2182 delictis
398 2149 522 2182 eidem
540 2149 680 2182 clerico
699 2149 931 2191 prisionario
950 2149 1080 2181 nostro
1099 2149 1287 2190 impositis
1302 2158 1368 2181 seu
1386 2147 1625 2190 imponendis
1644 2157 1653 2188 3

222 2205 270 2238 Et
286 2205 484 2247 signanter
502 2205 548 2237 de
565 2206 603 2237 et
621 2213 737 2247 super
761 2214 805 2238 6ο
825 2206 925 2246 quod
943 2205 1029 2247 ipse
1042 2204 1204 2237 clericus
1222 2214 1244 2237 a
1261 2205 1374 2238 certis
1392 2204 1525 2237 diebus
1550 2203 1646 2236 citra
1663 2202 1830 2236 existens

174 2261 215 2302 Jn
243 2261 407 2302 quadam
434 2261 595 2293 taberna
620 2260 835 2303 vulgariter
864 2261 1082 2302 nuncupata
1113 2259 1146 2293 le
1178 2264 1330 2293 trestart
1346 2259 1547 2302 parrochie
1571 2260 1683 2293 beate
1708 2260 1829 2293 Marie

176 2316 429 2349 Tornacensis
464 2316 605 2349 dixerit
622 2317 661 2349 et
677 2316 882 2358 protulerit
897 2317 938 2359 jn
955 2316 1149 2358 presentia
1166 2316 1333 2359 plurium
1350 2316 1520 2349 virorum
1533 2316 1828 2359 fidedignorum‚

175 2372 275 2413 quod
298 2372 340 2413 ,in
357 2372 502 2405 feretro
521 2372 711 2405 existente
729 2382 843 2414 supra
868 2381 1057 2405 summum
1080 2371 1202 2406 altare
1226 2372 1387 2406 ecclesie
1413 2372 1662 2405 Tornacensis
1680 2382 1755 2405 non
1772 2374 1831 2405 est

175 2436 245 2461 nec
261 2427 469 2469 requiescit
486 2437 624 2470 corpus
644 2428 744 2461 beati
762 2427 991 2470 Eleutherij‚
1011 2427 1076 2461 sed
1093 2429 1218 2471 potius
1232 2428 1371 2472 gallice
1386 2426 1419 2461 le
1434 2437 1541 2471 corps
1553 2426 1634 2460 dun
1646 2432 1802 2471 reynare
1817 2437 1829 2468 ‚·

220 2484 317 2517 Item
334 2483 464 2523 etiam,
480 2483 594 2525 quod,
613 2484 703 2516 dum
721 2485 894 2526 tempore
908 2485 1040 2527 pestis,
1060 2495 1132 2526 que
1149 2486 1189 2527 jn
1207 2483 1277 2517 hac
1295 2484 1451 2517 ciuitate
1469 2484 1675 2517 nouissime
1692 2484 1827 2527 viguit,

176 2539 265 2572 dum
293 2548 421 2572 coram
451 2542 694 2572 sacrosancto
731 2539 962 2574 eucharistie
990 2542 1227 2574 sacramento
1252 2550 1295 2573 ac
1327 2549 1455 2573 coram
1486 2540 1664 2583 ymagine
1697 2540 1833 2573 beatis-

176 2594 271 2628 sime
295 2595 456 2638 virginis
482 2595 603 2628 Marie
623 2596 883 2629 offerebantur
911 2606 981 2639 per
1006 2596 1274 2630 christifideles
1297 2596 1397 2629 cerei
1422 2596 1599 2629 ardentes
1616 2596 1654 2629 et
1678 2594 1754 2628 alia
1781 2596 1827 2629 ad

175 2650 348 2683 diuinum
381 2650 526 2683 cultum
556 2651 767 2685 seruientia
795 2652 842 2685 ad
867 2653 1170 2686 misericordiam
1196 2652 1266 2685 Dei
1299 2651 1570 2694 omnipotentis
1598 2652 1636 2685 et
1662 2651 1827 2694 gratiam

176 2706 434 2746 obtinendam,
469 2707 550 2749 ipse
584 2707 746 2740 clericus
779 2707 895 2741 etiam
924 2708 962 2741 in
988 2708 1161 2750 predicta
1192 2707 1354 2741 ecclesia
1386 2707 1618 2741 Tornacensi
1644 2708 1682 2741 et
1698 2716 1826 2740 coram

175 2761 316 2804 populo
332 2762 477 2804 jbidem
491 2764 727 2805 congregato
758 2764 957 2806 sepissime
986 2764 1139 2803 dixerit,
1166 2764 1265 2805 quod
1284 2763 1481 2796 maluisset
1497 2764 1536 2796 et
1566 2763 1703 2796 melius
1727 2763 1828 2796 esset

175 2817 366 2859 predictos
381 2826 512 2851 cereos
530 2819 569 2851 et
586 2818 662 2851 alia
679 2820 792 2861 dona,
811 2828 883 2861 que
899 2820 1042 2861 jbidem
1061 2819 1333 2858 offerebantur,
1359 2820 1404 2852 ad
1423 2819 1627 2853 bibendum
1653 2820 1691 2852 et
1704 2827 1826 2852 come—

176 2873 340 2906 dendum
369 2882 576 2916 exponere,
606 2883 675 2916 per
701 2874 771 2908 hec
801 2876 918 2909 verba
949 2876 987 2909 et
1019 2875 1159 2908 similia
1191 2875 1272 2917 pias
1303 2875 1449 2908 mentes
1472 2874 1701 2917 jncollarum
1726 2875 1826 2908 dicte

175 2928 344 2961 ciuitatis
361 2929 408 2962 de
425 2929 522 2961 bono
542 2929 766 2963 subuertere
783 2930 938 2963 nitendo
956 2941 964 2972 3

222 2984 318 3018 Item
335 2984 465 3027 etiam,
498 2985 598 3027 quod
627 2985 710 3028 ipse
740 2994 829 3020 reus
856 2986 958 3022 mala
984 2985 1096 3020 malis
1123 2986 1398 3020 accumulando
1426 2995 1539 3030 quam
1563 2986 1692 3031 plures
1716 2987 1755 3020 et
1780 2986 1821 3031 jn
