2050 3470
264 294 285 323 8
950 286 1085 320 ANNO
1112 284 1198 318 1160

262 401 520 437 mulierculam
543 398 735 434 venenat-is
773 396 1065 430 circumventam
1103 394 1265 428 susurris
1309 396 1348 430 et
1386 397 1619 439 quibusdam,
1653 399 1696 433 ut
1733 398 1883 440 dicitur,

262 460 479 491 fascinatam
496 454 711 498 praestigiis
727 463 793 486 suo
810 452 933 485 coetui
958 451 1274 493 aggregaverunt.
1305 451 1393 485 Non
1417 453 1519 486 enim
1537 454 1599 487 diu
1618 454 1739 488 latere
1756 456 1884 497 potue-

263 517 345 546 runt
367 524 375 548 ;
401 512 464 545 sed
496 509 717 552 quibusdam
741 508 888 540 curiose
917 505 1192 548 indagantibus,
1212 506 1311 546 quod
1342 508 1567 550 peregrinae
1593 510 1718 542 essent
1745 510 1884 548 sectae,

264 567 485 609 deprehensi
505 565 669 606 tentique
683 565 768 596 sunt
785 563 822 594 in
841 561 1009 593 custodia
1026 559 1186 601 publica.
1214 560 1296 593 Rex
1310 569 1397 594 vero
1416 561 1546 595 nolens
1570 572 1633 596 cos
1659 564 1885 597 indiscussos

264 621 321 654 vel
335 621 525 653 dimittere
538 618 595 651 vel
609 618 755 659 punire,
767 614 976 657 episcopale
989 615 1180 656 praecepit
1190 614 1357 647 Oxoniae
1373 616 1627 658 concilium(l)
1641 618 1885 661 congregari:

264 677 326 709 ubi
345 677 431 707 dum
449 673 667 706 solemniter
691 673 735 704 de
764 669 950 712 religione
978 669 1280 708 convenirentur,
1315 678 1360 702 eo
1393 671 1455 711 qui
1488 671 1660 705 literatus
1676 673 1889 714 videbatur,

263 732 490 773 suscipiente
514 738 664 762 causam
696 727 866 759 omnium
890 727 927 758 ct
944 725 1120 767 loquente
1147 734 1214 766 pro
1237 725 1422 764 omnibuS,
1456 725 1680 759 christianos
1697 735 1736 760 se
1753 735 1834 760 esse
1851 728 1890 760 et

264 786 471 818 doctrinam
498 782 739 825 apostolicam
768 780 940 813 venerari
966 779 1252 820 responderunt.
1287 778 1517 821 Interrogati
1550 789 1618 821 per
1646 781 1816 814 ordinem
1844 782 1890 815 de

266 849 394 873 sacrae
411 840 497 871 fidei
512 837 693 875 articulis,
709 837 753 868 de
778 834 986 868 substantIa
1010 833 1160 875 quidem
1176 834 1329 875 superni
1348 834 1484 867 Medici
1501 839 1615 874 recta,
1633 836 1679 868 de
1703 836 1784 877 ejus
1801 844 1890 869 vero

266 895 454 933 remediis,
473 893 607 934 quibus
630 891 815 923 humanae
844 889 1055 922 infirmitati
1082 888 1224 921 mederi
1250 888 1440 929 dignatur,
1459 889 1497 920 id
1514 891 1581 928 est,
1608 890 1743 923 divinis
1772 899 1892 924 sacra-

267 950 414 983 mentis.
433 956 609 990 perversa
632 947 819 983 dixerunt,
838 952 985 976 sacrum
1003 943 1197 984 baptisma,
1224 942 1503 982 eucharistiam,
1530 945 1747 987 conjugium
1771 945 1891 978 detes-

268 1005 527 1044 tantes,atque
545 1001 680 1034 unitati
712 998 931 1037 catholicae,
966 1005 1077 1038 quam
1107 996 1201 1029 haec
1231 997 1358 1028 divina
1389 997 1560 1030 imbuunt
1591 998 1766 1038 subsidia,
1800 1008 1892 1032 ausu

270 1059 413 1093 nefario
431 1057 668 1100 derogantes.
688 1055 852 1095 Cumque
866 1053 1022 1094 sumptis
1049 1053 1093 1085 de
1119 1051 1313 1093 Scriptura
1330 1051 1466 1084 divinis
1482 1052 1712 1094 urgerentur
1728 1053 1892 1086 testimo-

270 1113 354 1153 niis,
372 1121 412 1144 se
428 1111 580 1153 quidem
603 1112 644 1142 ut
675 1109 837 1142 instituti
869 1109 977 1141 erant
994 1107 1161 1145 credere,
1187 1107 1233 1139 de
1254 1107 1327 1139 fide
1357 1114 1445 1139 vero
1475 1116 1542 1140 sua
1565 1107 1756 1149 disputare
1773 1107 1888 1148 nolle,

272 1175 419 1200 omnem
442 1165 590 1199 consilii
607 1164 866 1198 salubritatem
890 1162 1123 1204 spreverunt,
1143 1161 1262 1193 minas
1281 1169 1428 1201 quoque
1451 1161 1513 1202 pie
1530 1161 1755 1202 praetentas,
1779 1162 1821 1194 ut
1835 1160 1894 1194 vel

270 1223 371 1256 metu
399 1221 642 1262 respicerent,
674 1218 898 1258 deriserunt,
932 1217 1046 1250 verbo
1086 1215 1151 1248 illo
1182 1215 1378 1248 Dominico
1406 1216 1625 1248 abutentes:
1661 1215 1800 1249 «Beati
1831 1216 1895 1257 qui

270 1278 569 1322 persecutionem
601 1277 795 1318 patiuntur
827 1274 981 1316 propter
1007 1272 1206 1314 justitiam,
1241 1272 1419 1313 quoniam
1452 1270 1620 1312 ipsorum
1651 1271 1707 1303 est
1733 1279 1894 1313 regnum

270 1331 462 1366 coelorum
473 1346 489 1359 n
503 1330 558 1373 (2).
579 1331 683 1364 Tunc
696 1330 874 1372 episcopi,
885 1339 930 1363 ne
945 1330 1047 1362 virus
1061 1328 1293 1361 haereticum
1305 1327 1419 1360 latius
1431 1327 1600 1369 serperet
1611 1328 1890 1369 praecaventes,

271 1388 422 1421 eosdem
459 1386 609 1428 publice
647 1386 907 1428 pronuntiatos
947 1383 1170 1422 haereticos,
1195 1382 1383 1424 corporali
1424 1381 1645 1423 disciplinae
1683 1382 1894 1415 subdendos

271 1440 456 1474 catholico
481 1439 641 1481 principi
666 1440 915 1478 tradiderunt,
942 1439 1005 1479 qui
1029 1437 1222 1479 praecepit
1246 1436 1462 1470 haereticae
1489 1436 1667 1470 infamiae
1703 1435 1893 1470 characte-

272 1505 353 1530 rem
376 1495 562 1528 frontibus
587 1503 717 1527 eorum
750 1494 850 1527 inuri
879 1494 917 1526 et
940 1493 1132 1534 spectante
1149 1491 1287 1533 populo
1304 1492 1422 1534 virgis
1438 1491 1623 1524 coercitos
1639 1491 1732 1524 urbe
1745 1491 1897 1534 expelli,

274 1550 443 1584 districte
460 1548 663 1591 prohibens
681 1557 728 1582 ne
745 1549 827 1590 quis
845 1557 908 1581 eos
925 1547 1088 1589 hospitio
1120 1546 1291 1587 recipere
1319 1545 1378 1579 vel
1396 1545 1521 1587 aliquo
1547 1545 1681 1579 solatio
1699 1547 1899 1580 confovere

275 1606 544 1649 praesumeret.
575 1604 684 1636 Dicta
705 1603 901 1642 sententia,
920 1603 965 1635 ad
983 1610 1141 1643 poenam
1154 1601 1398 1642 justissimam
1424 1601 1656 1634 ducebantur
1678 1601 1897 1643 gaudentes,

275 1670 348 1694 non
365 1659 476 1692 lentis
493 1658 663 1700 passibus
676 1659 881 1699 praeeunte
894 1657 1075 1699 magistro
1090 1664 1220 1689 eorum
1234 1656 1271 1688 et
1288 1657 1463 1689 cantante
1478 1664 1486 1688 ε
1513 1669 1529 1682 ιε
1540 1655 1646 1689 Beati
1671 1656 1788 1695 eritis,
1814 1665 1900 1689 cum

276 1725 341 1748 vos
359 1714 507 1747 oderint
533 1713 703 1746 homines
722 1728 751 1752 υ,
766 1713 805 1745 in
815 1713 959 1746 tantum
975 1711 1141 1752 deceptis
1158 1719 1180 1743 a
1196 1719 1235 1743 se
1252 1711 1439 1743 mentibus
1463 1711 1698 1743 seductorius
1723 1711 1898 1744 abuteba-

278 1772 340 1803 tur
356 1769 522 1811 spiritus.
537 1768 609 1801 Illa
622 1768 772 1810 quidem
786 1766 1019 1805 muliercula,
1032 1775 1143 1807 quam
1160 1766 1198 1797 in
1211 1765 1350 1808 Anglia
1362 1765 1597 1805 seduxerant,
1613 1766 1713 1799 metu
1725 1765 1900 1807 supplicii

277 1824 471 1858 discedens
485 1823 530 1856 ab
543 1823 609 1862 eis,
630 1831 798 1855 errorem
814 1822 985 1854 confessa
1011 1819 1357 1854 reconciliationem
1384 1821 1534 1853 meruit.
1564 1820 1684 1853 Porro
1716 1819 1900 1853 detestan-

278 1879 366 1911 dum
389 1877 483 1910 illud
506 1876 721 1920 collegium,
750 1877 966 1910 cauteriatis
990 1876 1189 1915 frontibuS,
1207 1876 1330 1917 J'ustae
1347 1876 1538 1908 severitati
1557 1876 1756 1918 subjacuit,
1774 1884 1817 1909 eo
1839 1876 1902 1917 qui

279 1933 482 1974 primatum
507 1932 663 1974 gerebat
690 1932 728 1963 in
755 1932 820 1971 eis,
852 1931 897 1963 ob
922 1931 1070 1973 insigne
1087 1929 1298 1972 magisterii
1314 1930 1514 1962 inustionis
1531 1930 1718 1972 geminae,
1737 1930 1774 1962 id
1792 1930 1848 1963 est
1865 1930 1904 1962 in

279 1987 403 2019 fronte
420 1989 458 2018 et
474 1986 575 2018 circa
598 1988 777 2025 mentum,
796 1986 956 2019 dedecus
970 1986 1178 2018 sustinente
1197 1995 1205 2025 3
1232 1985 1431 2025 scissisque
1449 1984 1601 2027 cingulo
1619 1987 1728 2018 tenus
1740 1984 1906 2018 vestibus

280 2040 430 2084 publice
447 2041 546 2073 caesi
564 2043 601 2073 et
619 2041 748 2083 flagris
772 2041 1035 2073 resonantibus
1062 2040 1154 2072 urbe
1172 2040 1296 2081 ejecti,
1327 2039 1468 2081 algoris
1491 2039 1735 2073 intolerantia
1762 2039 1906 2082 (hyems

281 2096 419 2139 quippe
433 2096 526 2137 erat)
543 2096 691 2128 nemine
722 2095 779 2128 vel
806 2096 985 2138 exiguum
1006 2094 1290 2127 misericordiae
1317 2094 1569 2136 impendente,
1599 2094 1736 2126 misere
1754 2094 1905 2127 interie-

281 2152 379 2183 runt.
396 2150 516 2192 Hujus
534 2149 745 2182 severitatis
764 2149 848 2191 pius
865 2150 970 2191 rigor
998 2159 1071 2181 non
1103 2148 1224 2181 solum
1252 2150 1357 2190 peste
1373 2148 1452 2189 illa,
1471 2158 1566 2191 quae
1589 2149 1666 2190 J'am
1685 2149 1903 2190 irrepserat,

280 2204 441 2248 Angliae
467 2213 628 2248 regnum
643 2204 831 2246 purgavit,
863 2212 994 2236 verum
1007 2203 1120 2236 etiam
1137 2211 1184 2236 ne
1201 2201 1361 2236 ulterius
1385 2204 1584 2245 irreperet,
1603 2203 1750 2236 incusso
1769 2203 1899 2236 haere-

284 2261 369 2294 ticis
385 2261 543 2300 terrore,
560 2260 762 2302 praecavit.

630 2335 852 2369 Guillelmus
876 2335 1162 2378 Neubrigensis,
1180 2334 1234 2368 De
1263 2333 1372 2369 rebus
1398 2333 1573 2378 Anylicss,
1601 2334 1668 2367 lib.
1682 2334 1732 2374 II,
1750 2343 1832 2376 cap.
1851 2334 1905 2376 133

676 2392 880 2435 afgedrukt
892 2393 940 2434 bij
956 2393 1051 2425 Dom
1074 2393 1257 2434 Bouquet,
1268 2388 1429 2430 Remea,
1444 2388 1526 2423 deel
1541 2388 1650 2428 XIII,
1664 2387 1734 2420 blz.
1751 2387 1905 2422 108-109.

679 2447 886 2489 Benuttigd
902 2447 994 2479 door
1009 2446 1031 2479 J
1036 2446 1201 2479 ohannes
1218 2447 1436 2486 Brompton,
1447 2444 1494 2485 bij
1516 2441 1906 2485 Twysden,Histor2'ae

675 2500 898 2544 Anylorum,
922 2501 1132 2544 Scriptores,
1159 2500 1240 2534 (leel
1259 2501 1305 2540 X,
1321 2500 1443 2533 eerste
1471 2498 1569 2538 stuk,
1589 2497 1657 2530 blz.
1673 2498 1769 2531 1150.
1783 2516 1827 2522 —
1842 2498 1906 2532 Zie

679 2556 752 2589 ook
766 2556 804 2589 C.
820 2555 998 2595 Schmidt,
1024 2555 1183 2590 Histoire
1210 2554 1273 2588 des
1303 2553 1489 2592 Cathares,
1508 2552 1577 2585 blz.
1596 2552 1638 2585 97
1656 2562 1665 2593 3
1694 2552 1739 2585 H.
1760 2552 1798 2586 C.
1817 2552 1904 2592 Lea,

676 2611 830 2653 History
846 2611 891 2654 of
910 2609 969 2644 the
989 2610 1209 2655 Inquisition
1232 2611 1270 2653 of
1296 2607 1355 2642 the
1381 2606 1522 2642 Middle
1549 2606 1656 2650 Amas,
1685 2606 1767 2640 deel
1785 2606 1817 2648 Ι,
1836 2606 1904 2640 blz.

678 2668 765 2709 1443
784 2677 831 2700 en
857 2667 895 2700 J.
913 2666 1148 2705 FrederichS,
1184 2665 1236 2698 De
1262 2661 1638 2705 kettervervolyinqen
1661 2672 1736 2695 van
1755 2660 1904 2705 Phizips

677 2731 751 2753 van
773 2719 846 2753 den
867 2720 981 2754 Elzas
1005 2716 1302 2761 (Nederlandsch
1323 2717 1508 2757 Muscam,
1527 2718 1562 2750 3Θ
1593 2716 1716 2756 reeks,
1748 2719 1783 2749 4θ
1805 2717 1905 2759 jaar-
1945 2759 1947 2762 Α

680 2785 782 2820 gang
800 2787 809 2818 3
829 2776 937 2815 Gent,
954 2774 1066 2816 1890.)

335 2922 382 2964 (1)
404 2925 512 2956 Anno
539 2924 636 2957 1160.

337 2978 383 3020 (2)
406 2978 510 3012 Matt.
530 2978 573 3011 V.
