2050 3470
278 287 337 319 1915
914 287 1050 324 ΑΝΝΟ
1078 288 1264 322 1349-1350

323 399 399 431 Nec
432 401 486 431 est
515 398 900 440 praetermittendum,
933 398 1030 439 quod
1063 398 1202 432 multae
1227 399 1403 432 mulieres
1435 399 1613 433 honestae
1637 403 1674 434 et
1705 402 1897 436 matronae

276 454 430 485 ‹lex-otae
462 453 557 485 hanc
576 454 784 494 praefatam
813 453 1081 494 poenitentiam
1107 454 1152 486 de
1181 454 1341 496 flagellis
1364 455 1607 495 procedentes
1641 458 1678 488 ct
1705 459 1896 491 cantantes

276 517 342 549 per
370 507 476 539 villas
495 509 532 539 ct
561 507 738 540 ecclesias
763 507 939 540 similiter
970 508 1180 549 faciebantg
1209 509 1273 542 sed
1289 509 1381 542 11366
1406 510 1530 543 01111113
1546 511 1583 543 111
1600 520 1713 553 parvo
1729 513 1897 554 tempore

274 563 369 594 sicut
387 561 450 594 alii
468 565 600 603 postea
612 563 846 595 dimiserunt.

624 623 857 657 Continuatz‘o
875 622 992 657 altera
1013 623 1185 658 Chronici
1203 623 1393 658 Guillelmi
1407 624 1452 658 de
1464 625 1620 670 Nanyz‘s,
1631 627 1678 668 bij
1695 627 1894 670 d’Achery‚

661 677 895 721 Spicileyium
913 680 1136 721 scriptorum
1154 684 1330 720 veterum,
1349 680 1432 714 deel
1448 680 1518 721 III,
1537 681 1604 713 blz.
1626 682 1698 714 111.

946 817 1011 862 '7¹7
1047 812 1217 877 (1978).

295 943 301 947 ’
333 949 582 996 1349-1350,
621 945 905 989 Luikerland
947 958 1001 989 en
1043 946 1324 1004 omliyyende
1361 951 1600 1003 yewesten.
1648 946 1893 991 Uittreksel

272 1015 333 1059 uit
366 1016 418 1058 (16
451 1014 625 1071 kronijk
659 1027 743 1057 van
787 1015 868 1057 den
893 1015 1198 1070 Tongerschen
1232 1015 1371 1058 deken
1405 1015 1660 1071 Radulphus
1692 1015 1744 1058 de
1782 1015 1894 1058 Rivo

268 1083 467 1139 (†1403)
500 1097 605 1126 over
636 1083 687 1126 de
719 1083 975 1126 Geeselaars
1009 1097 1061 1126 en
1095 1084 1242 1126 hunne
1274 1084 1630 1140 onderdrukking
1675 1083 1780 1126 door
1812 1083 1894 1126 den

271 1166 377 1209 paus
403 1167 456 1195 en
475 1152 557 1195 den
580 1152 834 1195 Franschen
859 1152 1038 1208 koning.
1064 1180 1116 1186 —
1141 1154 1299 1196 Hunne
1333 1152 1625 1209 handelingen
1648 1166 1700 1195 en
1726 1152 1895 1196 1161161·-

271 1222 373 1264 56116
399 1221 639 1277 leeringen.
664 1221 712 1263 In
736 1220 972 1278 Frankrijk
997 1221 1176 1264 noemde
1193 1235 1290 1264 men
1313 1221 1398 1264 hen
1430 1239 1447 1261 (ι
1471 1221 1523 1264 (16
1541 1221 1798 1265 martelaars
1819 1220 1894 1264 des

270 1291 436 1334 duivels
458 1307 475 1329 1>
491 1324 500 1334 .
523 1291 634 1332 Door
651 1304 757 1345 paus
781 1303 835 1332 en
867 1289 1032 1345 koning
1064 1290 1347 1340 onderdrukt,
1381 1288 1579 1333 bloeiden
1602 1290 1656 1347 zij
1681 1289 1770 1334 niet
1791 1289 1894 1345 lang

268 1361 309 1402 in
335 1359 411 1402 het
439 1358 539 1401 land
562 1372 646 1401 van
670 1358 791 1402 Maas
815 1372 869 1401 en
892 1358 1072 1402 Moezel.

311 1451 449 1494 Magna
479 1459 547 1492 per
585 1451 801 1483 universum
835 1451 964 1484 orbem
987 1449 1203 1492 pestilentia
1244 1459 1340 1483 anno
1365 1449 1495 1483 salutis
1524 1450 1673 1483 nostrae
1706 1449 1791 1482 1348
1793 1474 1889 1483 .......

267 1507 335 1539 Η15
361 1506 529 1539 cladibus
576 1506 701 1538 affecti
724 1504 896 1547 plerique
935 1505 1113 1538 mortales
1140 1504 1328 1547 publicam
1350 1506 1590 1547 peccatorum
1619 1505 1890 1547 poenitentiam

267 1561 441 1603 agebant,
473 1561 661 1602 precibus,
680 1560 896 1603 lachrymis,
924 1561 1053 1603 flagris
1070 1561 1141 1592 sibi
1169 1560 1321 1593 inflictis
1347 1560 1415 1593 Dei
1439 1560 1737 1593 misericordiam
1760 1559 1891 1602 implo-

266 1618 403 1649 rantes.
422 1617 454 1648 A
472 1616 607 1656 quibus
626 1618 758 1648 exorta
774 1616 846 1648 fuit
862 1617 963 1648 secta
979 1624 1018 1648 se
1037 1614 1310 1657 flagellantium
1326 1616 1363 1648 et
1380 1615 1482 1648 brevi
1496 1617 1665 1658 tempore
1680 1623 1749 1657 per
1762 1615 1892 1647 orbem

266 1669 512 1703 christianum
530 1669 643 1712 longe
659 1669 809 1711 lateque
826 1670 972 1702 diffusa.
993 1669 1038 1702 Hi
1057 1669 1137 1702 sine
1160 1668 1322 1711 legitimi
1339 1669 1545 1711 superioris
1569 1669 1682 1701 ductu
1706 1669 1892 1702 seminudi

262 1725 478 1758 incedentes
503 1733 633 1757 cruces
650 1725 822 1758 manibus
838 1725 1050 1766 portabant,
1069 1724 1193 1765 capita
1221 1723 1370 1766 caputio
1395 1725 1433 1757 et
1455 1723 1570 1766 pileo,
1595 1724 1768 1766 pudenda
1790 1723 1890 1757 lineo

263 1781 495 1822 operiebant,
523 1779 684 1823 flagellis
709 1780 747 1812 in
772 1780 925 1822 cuspide
949 1781 1025 1813 tres
1043 1779 1158 1812 nodos
1183 1779 1371 1812 aculeatos
1395 1779 1619 1812 habentibus
1643 1781 1762 1813 semet
1789 1780 1890 1822 ipsos

266 1835 416 1876 publice
464 1836 564 1868 intra
595 1837 633 1868 et
671 1836 779 1868 extra
806 1834 1003 1868 ecclesiam
1041 1836 1087 1868 ad
1121 1844 1294 1868 cruorem
1318 1843 1435 1876 usque
1470 1834 1687 1875 caedebant,
1723 1835 1890 1868 carmina

267 1891 450 1932 quaedam
477 1891 568 1924 fidei
585 1891 723 1932 partim
740 1891 941 1930 contraria,
960 1891 1098 1932 partim
1114 1892 1286 1932 suspecta
1298 1890 1510 1930 cantabant,
1535 1891 1619 1931 post
1634 1890 1794 1932 triginta
1815 1891 1892 1924 tres

265 1945 344 1978 dies
372 1945 559 1986 horasque
576 1945 771 1978 duodecim
790 1946 834 1978 ab
856 1945 1069 1986 hujusmodi
1087 1944 1342 1988 flagellatione
1359 1944 1566 1978 revelatum
1589 1944 1660 1976 sibi
1684 1945 1729 1977 ab
1755 1943 1890 1986 angelo

265 2001 484 2033 asserebant
511 2000 708 2033 mundatos
736 2010 775 2033 se
804 2010 826 2033 a
851 2001 1028 2043 peccatis,
1052 2009 1126 2033 non
1153 2009 1259 2033 secus
1276 2009 1319 2033 ac
1347 2000 1378 2032 si
1402 2009 1496 2032 novo
1511 1999 1745 2042 baptismatis
1769 2008 1889 2033 sacra-

263 2055 388 2085 mento
406 2051 525 2085 abluti
541 2054 678 2087 essent.

311 2105 484 2138 Clemens
516 2105 566 2138 VI
598 2105 767 2147 pontifex
792 2104 926 2138 horum
957 2104 1120 2138 heresim
1159 2106 1421 2147 persequutus,
1460 2103 1672 2147 pertinaces
1709 2103 1892 2137 saeculari

270 2159 424 2192 brachio
443 2160 541 2192 tradi
558 2160 679 2201 jussit.
699 2158 911 2202 Philippus,
926 2159 1120 2193 Gallorum
1143 2169 1222 2199 rex,
1240 2158 1454 2201 hujusmodi
1471 2157 1617 2191 Diaboli
1631 2158 1815 2201 Martyres
1824 2158 1892 2200 (sic

265 2215 366 2247 enim
384 2224 448 2248 eos
470 2214 568 2248 Galli
585 2216 731 2257 vocant)
744 2215 883 2257 passim
896 2224 965 2257 per
980 2224 1138 2258 regnum
1150 2224 1257 2248 suum
1271 2214 1316 2247 ad
1334 2222 1463 2247 necem
1480 2214 1577 2246 tradi
1589 2214 1797 2256 imperavit.

310 2270 417 2302 Circa
441 2271 588 2303 nostras
606 2272 642 2302 et
668 2269 869 2303 Mossellae
900 2271 1026 2312 partes
1043 2280 1117 2303 non
1141 2270 1202 2303 diu
1225 2271 1294 2302 visi
1318 2270 1480 2310 fuerunt,
1509 2270 1597 2311 quia
1620 2269 1790 2303 Clemens
1810 2270 1887 2312 J’am

264 2323 384 2357 dictus
408 2326 539 2358 contra
567 2334 631 2358 eos
655 2325 1053 2359 excommunicationis
1077 2325 1301 2358 sententiam
1326 2333 1393 2366 per
1410 2333 1454 2358 ea
1469 2323 1551 2357 loca
1577 2323 1761 2366 publicari
1785 2333 1886 2357 man-

257 2381 392 2413 nasset.

606 2435 798 2478 Radulphi
823 2436 869 2468 (16
885 2436 982 2469 Rivo
1007 2435 1138 2468 decani
1163 2435 1394 2478 Tungrensis
1421 2433 1531 2468 Gesta
1551 2433 1767 2478 pontificum
1797 2433 1886 2468 Leo-

649 2489 849 2531 diensium,
864 2491 912 2532 bij
934 2490 1185 2533 Chapeaville,
1203 2490 1286 2524 deel
1303 2490 1373 2530 ΙΙΙ,
1392 2489 1459 2522 blz.
1474 2491 1494 2522 4
1508 2498 1553 2523 en
1569 2490 1601 2522 5.

937 2641 1003 2688 ’18
1036 2635 1208 2700 (197⁹).

317 2768 570 2819 1349-1350,
608 2768 943 2812 Nederlanden.
990 2768 1232 2812 Uittreksel
1269 2769 1333 2811 uit
1363 2768 1441 2811 het
1481 2766 1742 2824 gelijktijdig
1773 2768 1882 2811 leer-

263 2834 380 2878 dicht
403 2836 490 2879 Het
511 2836 616 2880 boec
635 2850 727 2881 van
745 2838 826 2880 der·
852 2837 1052 2882 Wraken
1075 2850 1179 2880 over
1209 2836 1261 2879 de
1294 2836 1584 2892 handelingen
1616 2835 1693 2878 der
1722 2835 1880 2879 Geese-

257 2903 459 2948 laarS.—
478 2905 657 2948 Allerlei
676 2904 1041 2962 bijzonderheden
1059 2904 1238 2948 worden
1261 2904 1563 2961 medegedeeld
1580 2918 1684 2947 over
1700 2904 1879 2947 hunnen

258 2974 530 3032 levensregel
548 2975 799 3033 gedurende
822 2975 874 3018 de
892 2975 1141 3029 bedevaart,
1167 2976 1315 3019 hunne
1337 2975 1512 3043 11166ᾱῇἲ
1540 2975 1686 3018 hunne
1707 2988 1877 3031 proces-
