2050 3470
772 253 910 287 ΛΝΝο
937 253 1122 285 1175-1177
1239 240 1242 244 '
1724 255 1763 290 21

128 363 314 397 violenter
336 364 486 397 extorta
508 364 714 405 repperiet.
742 363 848 402 Quod
874 365 937 396 ubi
968 373 1027 396 me
1053 363 1172 396 latere
1199 373 1270 396 non
1299 365 1421 405 potuit
1445 365 1491 396 dc
1526 365 1767 399 fraudulenta

128 419 354 452 crudelitate
371 420 448 451 toto
466 420 558 452 satis
576 419 743 452 modeste
760 420 936 461 correpto
961 421 1147 452 conventu
1177 419 1222 451 ab
1240 419 1400 452 ecclesia
1418 420 1589 452 turbatus
1606 422 1763 461 excessi,

128 473 221 507 alias
238 473 330 506 mihi
344 474 548 516 hospitium
566 476 680 507 statui
697 475 938 516 cartulasque
959 484 1024 507 sex
1045 474 1215 508 ecclesiis
1236 475 1405 514 totidem,
1426 476 1471 507 ad
1497 485 1588 516 quas
1606 476 1687 516 eJus
1707 475 1763 509 vel

129 538 263 562 eorum
281 529 452 562 scedulas
470 531 686 571 pervenisse
701 530 907 570 audieram,
926 539 972 563 ex
991 531 1143 563 nomine
1162 539 1246 562 meo
1264 530 1441 562 celeriter
1457 531 1653 570 destinavi,
1665 531 1766 564 inno-

128 584 291 616 centiam
320 592 442 617 meam
467 593 551 617 cum
576 593 708 616 eorum
736 584 832 617 dolis
858 585 1094 617 continentes
1124 586 1162 617 et
1175 593 1289 626 super
1306 584 1374 616 ho(-
1394 594 1452 617 me
1475 584 1617 625 judicio
1641 586 1766 618 astare

127 639 300 681 paratum
324 639 361 671 et
388 638 484 671 falsa
500 648 581 671 esse
600 640 736 678 omnia,
764 649 836 681 quo
864 640 961 681 apud
988 649 1051 673 eos
1076 640 1331 672 seminaverat
1360 640 1513 678 invidia,
1543 640 1766 672 omnimodis

126 694 373 736 probaturum
390 695 665 735 promittentes.
680 695 762 734 Sed,
775 695 868 728 heu!
890 695 1052 734 facilius,
1073 695 1145 728 beu
1163 697 1170 727 l
1189 694 1435 737 multiplicius
1449 695 1764 737 affectuosiusque

126 749 258 782 nociva
273 750 494 790 procedunt,
513 750 602 791 quia
622 750 798 783 videlicet
819 750 887 783 filii
914 751 1025 792 huJus
1051 750 1167 783 seculi
1198 750 1462 792 prudentiores
1493 749 1580 782 filiis
1607 749 1701 782 lucis
1726 751 1764 784 in

125 803 372 846 generatione
397 812 464 835 sua
488 803 586 835 sunt.
606 802 764 840 Quidem
790 803 921 842 invidi,
949 803 1011 844 qui
1039 804 1195 836 eatenus
1220 802 1422 842 latuerant,
1449 803 1538 843 quia
1554 812 1627 835 non
1647 804 1767 835 osten-

125 859 227 891 ditur
254 859 293 890 in
319 858 426 890 bonis
451 858 606 896 amicus,
634 867 706 890 non
725 858 968 890 absconditur
985 859 1022 890 in
1048 857 1157 891 malis
1182 858 1369 897 inimicus,
1390 858 1586 890 occasione
1611 859 1764 900 accepta

126 915 233 957 quasi
247 913 476 947 defensando
495 913 581 945 {idei
604 915 859 955 perstrepunt,
890 914 1040 954 quidam
1069 913 1260 955 simplices
1279 913 1439 946 aliorum
1457 913 1619 955 impulsu
1641 914 1763 946 eversi

125 970 171 1004 ad
200 969 429 1003 credendum
457 967 740 1010 pertrahuntur,
774 968 935 1011 populus
960 970 1086 1002 tamen
1113 978 1209 1011 pene
1235 969 1357 1001 omnis
1381 970 1419 1002 et
1450 967 1644 1010 aliquanta
1675 977 1762 1011 pars

124 1024 216 1058 cleri
242 1025 464 1057 inconcussa
479 1025 708 1066 perseverat.

166 1079 263 1119 Quid
280 1079 421 1112 multa?
439 1079 533 1112 Pars
546 1079 702 1112 adversa
715 1080 932 1121 episcopum
947 1079 1039 1119 adit,
1056 1079 1167 1112 fidem
1181 1088 1249 1121 per
1263 1088 1322 1112 me
1339 1078 1559 1112 labefactari
1577 1079 1761 1120 queritur,

121 1135 345 1178 sanguinem
364 1135 488 1176 potius
509 1134 641 1167 sitiens
658 1143 785 1167 meum
803 1136 840 1167 et
857 1143 923 1168 sue
945 1134 1146 1168 consulens
1160 1135 1336 1174 avaricie,
1355 1144 1421 1167 ‹tor
1437 1134 1643 1167 sacerdotis
1654 1134 1761 1176 justi-

120 1191 212 1223 tiam
225 1190 348 1223 minus
366 1189 560 1232 diligentis
574 1189 685 1222 facile
701 1190 850 1229 evertit,
863 1190 1052 1222 sententia
1069 1190 1325 1231 suspensionis
1343 1192 1428 1223 ante
1445 1198 1594 1223 omnem
1610 1189 1762 1231 penitus

120 1246 340 1278 citationem
358 1245 394 1277 in
427 1244 639 1284 ecclesiam,
661 1244 722 1277 cui
739 1254 926 1286 preeram,
956 1255 1101 1278 necnon
1121 1247 1158 1277 et
1175 1254 1235 1278 me
1253 1246 1467 1277 invocatum
1482 1244 1759 1287 promulgatur,

121 1301 159 1334 et
175 1302 216 1333 ut
231 1300 372 1342 judicio
397 1299 603 1342 episcopali
628 1303 713 1342 post
730 1298 801 1332 VII
826 1301 1054 1333 ebdomadas
1079 1301 1227 1333 dierum
1251 1300 1424 1333 assistam
1452 1300 1584 1333 ordine
1607 1308 1759 1342 prepos-

122 1357 204 1390 tero
228 1355 322 1389 mihi
347 1356 609 1389 denunciatur.
637 1355 755 1394 Quam
781 1365 852 1398 ego
879 1356 1105 1389 sententiam
1131 1355 1395 1398 qualicumque
1419 1356 1529 1388 modo
1559 1355 1759 1398 prolatam,

121 1420 218 1453 equo
236 1411 389 1445 interim
407 1411 532 1444 animo
559 1411 768 1444 sustinendi
785 1411 927 1444 habens
953 1410 1167 1452 consilium,
1186 1411 1286 1444 diem
1309 1411 1403 1444 mihi
1421 1412 1603 1453 prefixam
1617 1411 1759 1453 presto-

119 1466 239 1506 labar,
257 1475 412 1509 sperans
426 1466 560 1499 saltem
572 1467 660 1499 tunc
674 1467 854 1499 canonice
871 1475 931 1499 me
949 1466 1228 1499 examinatione
1245 1466 1494 1499 tractandum.
1511 1465 1760 1508 coagulatum

119 1523 176 1556 est
200 1523 347 1555 interea
376 1521 473 1554 sicut
490 1520 549 1554 lac
573 1530 640 1553 cor
663 1530 807 1560 eorum,
838 1521 926 1554 dum
951 1521 1059 1554 illum
1084 1522 1274 1564 prefatum
1302 1522 1445 1555 fontem
1468 1520 1759 1555 machinationis

117 1578 230 1619 hujus
254 1576 457 1619 complices
476 1575 718 1609 emulationis
735 1577 876 1609 adeunt
892 1578 941 1616 et,
960 1577 992 1609 si
1009 1585 1067 1618 ea,
1095 1586 1168 1618 que
1192 1577 1296 1619 prius
1321 1576 1467 1610 occulte
1484 1577 1699 1619 scripserat,
1717 1576 1757 1610 in

117 1631 283 1664 medium
307 1632 479 1673 proferre
503 1630 606 1670 velit,
636 1639 786 1664 omnem
812 1631 848 1663 ei
874 1631 1131 1671 securitatem,
1169 1632 1246 1664 sive
1278 1631 1466 1673 proficiat,
1491 1631 1569 1664 sive
1593 1630 1756 1671 deficiat,

116 1686 357 1728 pollicentur.
384 1686 465 1728 Ego
497 1687 635 1725 autem,
664 1688 706 1718 ut
736 1694 869 1719 verum
892 1687 1005 1720 fateri
1030 1686 1156 1727 liceat,
1186 1686 1311 1729 legem
1353 1687 1422 1720 Dei
1447 1686 1662 1727 meditatus,
1694 1687 1757 1720 die

116 1742 262 1784 prefixa
275 1742 352 1783 jam
370 1741 602 1780 imminente,
622 1742 711 1782 quia
727 1741 774 1774 de
791 1742 964 1774 manibus
981 1750 1115 1775 eorum
1132 1742 1256 1775 vivum
1274 1750 1334 1775 me
1351 1742 1511 1775 evadere
1534 1750 1643 1783 posse
1660 1741 1755 1774 diffi-

116 1797 262 1836 debam,
292 1796 338 1830 de
361 1797 474 1829 rebus
506 1797 600 1830 meis
624 1796 716 1830 licet
746 1796 905 1830 modicis
930 1798 965 1830 et
983 1798 1114 1839 paucis
1131 1798 1315 1838 ordinavi,
1341 1798 1609 1831 testamentum
1625 1797 1754 1838 statui,

116 1851 257 1885 nullius
273 1852 427 1894 penitus
451 1851 647 1884 hominum
671 1854 737 1885 aut
760 1853 940 1894 expetens
965 1852 1167 1886 consilium
1201 1854 1266 1886 aut
1290 1852 1532 1895 expostulans
1556 1853 1753 1895 auxilium,

116 1907 183 1941 illo
200 1907 363 1940 confisus
379 1906 601 1950 prophetico
621 1917 629 1940 ε
652 1921 668 1934 α
687 1908 836 1940 Bonum
859 1909 916 1941 est
928 1908 1119 1941 confidere
1134 1908 1172 1941 in
1192 1908 1352 1941 Domino
1371 1917 1482 1951 quam
1500 1909 1689 1942 confidere
1712 1909 1752 1943 in

117 1963 283 1996 homine.
303 1977 319 1991 n

160 2018 230 2051 Die
253 2018 404 2051 tandem
421 2018 561 2050 statuta
576 2016 821 2051 illucescente
849 2017 1153 2061 clericorumque
1177 2028 1306 2052 coram
1330 2019 1507 2062 episcopo
1520 2020 1755 2063 congregata

115 2074 267 2116 copiosa
283 2072 537 2112 multitudine,
570 2073 719 2114 partem
743 2073 948 2106 conventus
974 2082 1120 2106 necnon
1152 2074 1189 2106 et
1207 2074 1424 2116 episcopum
1447 2074 1654 2107 adversarii
1677 2074 1752 2108 mei

115 2130 221 2172 quasi
238 2129 285 2163 ad
301 2129 502 2162 consilium
515 2138 686 2162 seorsum
699 2131 834 2163 vocant
854 2131 892 2163 et
913 2131 954 2163 ut
974 2131 1052 2164 sive
1068 2139 1199 2163 verum
1213 2130 1291 2163 sive
1321 2139 1408 2170 non,
1427 2130 1505 2163 sive
1518 2130 1751 2164 excusationi

114 2185 329 2224 sufficienti,
357 2185 425 2217 sub
450 2185 531 2227 ipso
557 2185 672 2218 etiam
690 2184 956 2227 appellationis
974 2186 1149 2228 pretextu
1172 2186 1338 2228 captioni
1357 2185 1527 2218 addictus
1552 2186 1589 2219 et
1606 2187 1750 2220 carceri

113 2240 347 2282 mancipatus
364 2240 410 2273 de
427 2240 600 2273 manibus
617 2249 749 2273 eorum
769 2240 988 2273 nullomodo
1013 2241 1186 2281 evadam,
1201 2241 1446 2283 pertractant.
1466 2240 1573 2279 Quod
1585 2250 1681 2274 unus
1696 2241 1750 2274 fa-

112 2295 318 2330 miliarium
333 2304 516 2335 meorum,
530 2295 593 2337 qui
611 2304 716 2328 more
732 2295 868 2328 Chusai
887 2296 1068 2330 Arachite
1088 2295 1169 2329 sola
1183 2295 1373 2338 corporali
1386 2296 1579 2338 presentia
1594 2296 1750 2329 factioni

112 2360 244 2384 eorum
259 2351 442 2384 intererat
455 2350 666 2391 advertens,
683 2351 730 2383 de
747 2352 832 2383 cetu
850 2360 983 2384 eorum
997 2360 1038 2384 se
1050 2351 1237 2393 prorupit,
1257 2351 1323 2384 sed
1335 2351 1462 2384 statim
1479 2351 1748 2393 deprehensus,

112 2415 219 2440 cesus
236 2414 402 2448 capaque
425 2414 499 2447 qua
515 2406 743 2439 induebatur
760 2406 955 2448 spoliatus,
975 2415 1021 2439 ne
1041 2406 1135 2439 mihi
1152 2407 1331 2448 quiquam
1348 2415 1394 2439 ex
1418 2405 1477 2439 his
1494 2407 1647 2440 nunciet
1662 2416 1748 2449 pre-

111 2463 272 2506 peditur.
289 2461 370 2504 Ego
388 2464 514 2494 autem
529 2460 644 2493 nichil
664 2460 799 2494 horum
814 2462 964 2503 penitus
977 2462 1111 2501 sciens,
1127 2462 1165 2494 in
1189 2460 1350 2495 ecclesia
1366 2461 1518 2494 interim
1534 2462 1748 2504 pavimento

111 2519 150 2551 in
174 2518 326 2551 modum
341 2517 465 2549 crucis
481 2518 705 2558 prostratus,
725 2517 896 2550 crucifixi
925 2517 1046 2550 nostri
1063 2517 1365 2550 misericordiam
1393 2526 1467 2550 non
1484 2517 1565 2550 sine
1582 2515 1749 2550 lacrimis

110 2572 369 2615 implorabam.
398 2572 670 2614 compendiose
707 2572 834 2613 itaque
864 2573 1068 2606 terminata
1092 2573 1276 2612 oratione,
1311 2572 1520 2613 exsurrexi,
1546 2572 1749 2606 concilium

110 2629 277 2668 introivi,
296 2630 333 2661 et
346 2628 435 2670 quia
451 2627 656 2661 adversarii
674 2628 748 2661 mei
766 2637 851 2661 cum
865 2629 1042 2670 episcopo
1056 2628 1178 2661 adhuc
1190 2628 1237 2662 de
1250 2628 1407 2670 prefatis
1423 2628 1649 2669 tractabant,
1662 2637 1748 2661 cum

110 2683 194 2718 aliis
218 2683 358 2723 multis,
385 2684 448 2726 qui
468 2684 638 2723 aderant,
658 2684 750 2717 sedi.
770 2684 864 2717 Port
887 2684 1024 2717 multas
1050 2685 1212 2726 denique
1231 2693 1357 2717 moras
1381 2684 1436 2717 eis
1453 2693 1475 2717 a
1497 2683 1655 2717 consilio
1679 2684 1749 2716 im-

110 2741 271 2784 piorum,
291 2739 327 2772 in
343 2749 415 2780 quo
429 2748 451 2772 a
466 2739 527 2772 via
543 2739 690 2780 justitie
708 2739 892 2780 abierant,
911 2740 1110 2783 regressis,
1130 2740 1255 2782 surgit
1280 2739 1345 2772 ille
1362 2741 1475 2781 caput
1490 2738 1747 2773 tribulationis

111 2805 206 2835 mee,
226 2794 376 2828 nomine
389 2793 635 2833 Gislebertus,
653 2803 854 2836 unamque,
867 2804 959 2837 quas
976 2804 1091 2837 supra
1115 2795 1319 2828 memoravi
1332 2794 1563 2828 cartularum
1580 2803 1747 2836 quasque

109 2851 190 2893 ipse
206 2850 494 2892 conscripserat,
513 2849 643 2892 legere
661 2850 698 2882 in
715 2859 826 2883 aures
843 2851 958 2883 totius
976 2849 1128 2883 concilii
1146 2850 1292 2892 incipit,
1310 2850 1375 2883 sed
1391 2859 1474 2883 eam
1490 2851 1621 2892 utpote
1633 2858 1746 2892 quem

107 2904 337 2938 conscientia
360 2905 496 2939 acriter
519 2905 772 2945 remordebat,
798 2906 1038 2948 trepidando,
1075 2905 1317 2939 balbutiendo
1341 2906 1403 2939 vix
1430 2906 1525 2939 finit.
1556 2905 1741 2939 Continuo

106 2959 252 3003 ingenti
271 2961 355 2993 orto
369 2959 544 3000 tumultu,
562 2960 713 2994 surrexi
732 2969 819 3004 ego,
837 2961 1065 3003 silentioque
1083 2963 1200 3004 petito
1220 2970 1288 2995 nec
1304 2961 1519 3004 impetrato,
1537 2960 1740 2994 clamosam
