2050 3470
281 241 349 273 406
971 236 1109 271 ANNO
1137 236 1220 269 1419

283 351 543 394 principalem,
571 359 698 383 coram
723 350 821 382 dicto
852 348 1003 382 domino
1022 348 1220 389 cardinali,
1239 347 1365 383 iudice
1389 349 1428 382 et
1443 350 1717 391 commissario,
1737 351 1921 386 iudiciali-

283 409 341 440 ter
365 406 646 447 comparentem
672 403 864 437 nonnullis
881 404 1167 446 exceptionibus
1190 404 1290 437 facto
1315 405 1354 437 in
1379 405 1530 447 scriptis
1555 406 1651 438 datis
1676 407 1715 439 et
1742 407 1920 440 exhibitis

284 472 326 494 ac
350 462 486 493 deinde
515 470 582 502 per
607 460 749 492 dictum
766 459 991 502 magistrum
1017 459 1277 492 Everhardum
1293 460 1440 500 Swane,
1457 461 1715 502 promotorem
1732 470 1799 495 seu
1815 463 1922 495 insti-

285 518 457 558 gatorem
483 515 611 555 officii,
641 523 769 547 coram
794 514 875 556 ipso
901 514 1054 546 domino
1079 513 1275 553 cardinali,
1295 514 1420 547 iudice
1446 515 1484 548 et
1507 516 1778 556 commissario,
1805 517 1921 551 etiam

283 573 320 603 in
353 571 491 603 iudicio
521 570 807 611 comparentem
834 570 996 610 quadam
1020 569 1204 611 petitione
1233 570 1439 602 summaria
1462 570 1590 603 oblata
1612 570 1829 605 huiusmodi
1852 573 1919 605 sub

283 626 414 658 tenore
432 635 438 657 z

327 693 340 709 α
359 681 460 713 Petit
481 681 676 722 promotor
700 680 738 713 et
765 679 967 722 instigator
991 679 1030 711 in
1062 679 1131 711 hac
1160 688 1272 712 causa
1299 688 1368 721 per
1394 689 1472 719 vos,
1498 681 1857 716 reverendissimum
1880 682 1920 715 in

283 737 431 769 Christo
455 736 616 777 patrem,
645 735 838 767 dominum
863 734 1027 767 iudicem
1055 735 1094 767 et
1121 735 1423 767 commissarium
1453 735 1671 777 specialiter
1700 737 1922 778 deputatum

282 792 519 832 vestramque
544 791 782 823 diffinitivam
811 790 1037 823 sententiam
1062 789 1315 831 pronuntiari,
1343 790 1508 830 decerni,
1540 791 1709 824 ordinari
1739 792 1777 825 et
1800 792 1923 826 decla-

282 847 383 879 rari:
410 845 670 878 Tractatulum
697 854 763 878 seu
788 844 961 878 libellum
987 846 1025 877 et
1049 843 1310 878 conclusiones
1327 844 1535 886 prehensas
1553 846 1790 888 supradictos
1806 848 1924 882 fuisse

284 904 318 935 et
345 911 425 934 0550
454 902 492 933 in
510 902 583 934 fide
601 902 638 934 et
655 901 763 933 bonis
782 900 949 933 moribus
967 909 1160 939 erroneos,
1176 899 1429 940 scancIalosos,
1448 901 1666 941 iniuriosos,
1684 902 1924 946 temerarios,

284 958 590 999 presumptuosos
615 956 839 997 piarumque
863 956 1012 988 aurium
1038 955 1249 995 offensivos,
1277 955 1504 989 liereticales
1529 957 1567 989 et
1593 956 1760 990 heresim
1776 957 1924 1000 sapien-

283 1015 352 1051 tes,
380 1022 525 1045 necnon
549 1013 650 1053 ipsos
685 1013 726 1044 ut
761 1011 855 1044 tales
891 1011 1161 1052 dampnandos,
1189 1011 1447 1052 reprobandos
1483 1012 1521 1044 et
1549 1012 1780 1053 abiciendos,
1810 1013 1849 1046 et
1876 1014 1918 1045 ut

285 1068 380 1101 tales
404 1068 626 1100 cremandos
651 1067 733 1099 fore
759 1075 802 1099 ae
825 1075 895 1108 per
917 1075 982 1098 vos
1006 1066 1217 1107 dampnari,
1245 1067 1458 1107 reprobari,
1484 1067 1582 1099 abici
1606 1068 1645 1100 et
1667 1068 1813 1110 precipi
1836 1077 1923 1101 con-

285 1123 460 1162 cremari,
487 1122 657 1154 districte
682 1121 888 1154 inhibendo
913 1121 1060 1162 prefato
1085 1121 1195 1153 fratri
1221 1120 1373 1153 Matheo
1398 1121 1437 1153 et
1464 1121 1748 1163 quibuscunque
1768 1122 1923 1156 Christi-

285 1179 458 1212 fidelibus
486 1179 554 1210 sul)
588 1177 840 1210 anathematis
874 1177 1182 1209 incriminatione
1217 1186 1260 1210 ac
1288 1177 1373 1209 aliis
1408 1177 1502 1210 iuris
1530 1179 1650 1219 peniS‚
1683 1188 1730 1212 ne
1757 1179 1831 1221 ipsi
1860 1181 1925 1213 aut
1952 1169 1958 1180 ²

286 1235 499 1275 quicunque
516 1232 613 1265 alter
638 1232 780 1264 dictum
804 1231 1049 1264 tractatulum
1074 1240 1139 1264 seu
1168 1231 1341 1264 libellum
1365 1240 1408 1264 ac
1433 1233 1694 1266 conclusiones
1718 1234 1926 1275 prehensas

286 1290 482 1322 contentas
499 1289 537 1320 in
553 1288 686 1320 eodem
704 1287 839 1320 audeat
857 1288 903 1319 de
917 1287 1043 1319 cetero
1063 1286 1331 1329 dogmatizare,
1348 1295 1532 1326 asserere,
1551 1289 1775 1330 approbare,
1793 1290 1926 1322 tenere

284 1345 341 1377 vel
376 1345 599 1385 defensareg
630 1344 784 1384 insuper
807 1342 891 1384 pari
914 1343 1040 1374 vestra
1064 1342 1251 1375 sententia
1278 1343 1517 1384 pronuntiari
1541 1344 1578 1376 et
1603 1343 1813 1377 declarari:
1834 1346 1926 1381 Pre-

284 1402 403 1433 fatum
431 1400 589 1432 fratrem
618 1398 824 1437 Matlieum,
862 1406 908 1430 ne
940 1406 1008 1438 per
1037 1397 1253 1430 huiusmodi
1282 1398 1638 1440 dogmatizationem
1679 1400 1718 1432 in
1752 1401 1924 1442 predicto

285 1466 351 1489 suo
376 1454 506 1489 libello
532 1455 574 1487 ut
599 1453 667 1487 tali
695 1453 899 1495 reprobato
924 1454 962 1485 et
986 1452 1261 1494 condempnato
1280 1453 1544 1486 contentorum
1562 1453 1657 1487 alios
1681 1455 1720 1488 et
1743 1456 1925 1499 precipue

285 1512 408 1553 ipsum
439 1509 622 1552 populum
649 1509 920 1551 potissimeque
957 1507 1146 1549 simplices
1178 1508 1218 1540 in
1252 1508 1373 1549 opidis
1402 1509 1440 1541 ct
1477 1509 1692 1542 civitatibus
1731 1512 1925 1553 provincie

287 1567 534 1607 Coloniensis,
567 1567 730 1599 maxime
754 1566 793 1597 in
825 1565 967 1598 diocesi
999 1564 1235 1597 Traiectensi
1263 1565 1482 1605 existentes,
1507 1565 1609 1599 inter
1636 1575 1748 1608 quem
1769 1568 1808 1601 et
1831 1578 1925 1610 quos

285 1623 430 1656 versari
455 1623 556 1655 visus
580 1623 649 1661 est,
676 1621 872 1663 contingat
899 1620 938 1652 in
964 1619 1182 1652 scandalum
1207 1619 1366 1652 ecclesie
1391 1620 1429 1653 et
1453 1622 1585 1654 contra
1612 1622 1702 1655 fidei
1725 1623 1926 1658 veritatem

284 1679 545 1719 bonorumque
569 1686 718 1710 morum
741 1675 1061 1718 periculosissime
1085 1675 1266 1708 seducere
1292 1677 1330 1708 et
1354 1684 1604 1716 commovere,
1630 1677 1668 1710 et
1691 1677 1733 1710 ut
1749 1679 1786 1712 et
1803 1679 1925 1713 donee

284 1734 476 1776 appareat,
492 1743 539 1766 an
553 1733 591 1765 in
605 1733 688 1765 luce
706 1741 753 1765 an
770 1733 808 1764 in
821 1731 989 1764 tenebris
1003 1731 1181 1771 ambulet,
1196 1740 1283 1764 eum
1296 1731 1623 1774 incarcerandum‚
1637 1742 1735 1775 pane
1750 1734 1925 1769 dolorum

285 1791 322 1823 et
351 1799 448 1831 aqua
475 1788 649 1831 angustie
675 1787 973 1826 sustentandum,
999 1786 1041 1819 ut
1065 1786 1266 1819 commissa
1291 1787 1429 1819 defleat
1452 1787 1491 1820 et
1518 1787 1644 1821 fienda
1666 1788 1826 1823 ulterius
1850 1800 1926 1824 non

285 1845 508 1883 committat,
539 1845 576 1876 et
603 1844 635 1876 si
659 1843 800 1876 saniori
824 1852 913 1874 usus
937 1841 1097 1875 consilio
1122 1841 1214 1874 velit
1239 1842 1286 1874 ad
1310 1842 1495 1875 unitatem
1512 1842 1672 1877 ecclesie
1688 1854 1783 1886 puro
1810 1846 1924 1880 corde

285 1902 322 1933 et
350 1901 423 1933 fide
448 1909 522 1932 non
547 1900 635 1932 fieta
658 1898 798 1937 redire,
829 1907 915 1931 eum
940 1898 985 1930 ad
1019 1898 1282 1937 abiurandum,
1307 1897 1562 1931 revocandum
1593 1900 1632 1932 et
1662 1899 1925 1934 detestandum

286 1965 435 1989 omnem
459 1955 666 1988 hereticam
698 1954 924 1995 pravitatem
949 1954 987 1986 et
1015 1953 1218 1994 presertim
1247 1962 1395 1986 exnunc
1424 1954 1669 1987 tractatulum
1704 1956 1743 1989 et
1770 1957 1924 1990 conclu-

286 2013 411 2044 siones
439 2011 601 2044 assertas
626 2009 863 2051 supradictos
888 2009 1093 2042 secundum
1116 2009 1278 2042 formam
1309 2009 1434 2042 eidem
1464 2018 1533 2052 per
1566 2020 1631 2043 vos
1659 2012 1926 2054 assignandam

285 2066 435 2109 publice
453 2067 490 2099 et
508 2065 755 2107 solempniter
771 2064 1075 2106 compellendum
1092 2065 1174 2097 fore
1192 2065 1229 2097 et
1257 2073 1325 2106 per
1341 2074 1407 2097 vos
1423 2065 1600 2108 compelli
1616 2066 1776 2108 sibique,
1802 2069 1926 2109 quoad

285 2122 436 2162 vixerit,
470 2121 654 2160 civitateS,
680 2120 792 2161 opida
816 2120 854 2152 et
878 2120 1047 2152 dioceses
1071 2119 1265 2161 provincie
1291 2119 1539 2161 Coloniensis,
1557 2121 1721 2155 maxime
1745 2123 1925 2156 diocesim

283 2178 565 2210 Traiectensem
582 2185 651 2218 per
663 2185 727 2207 vos
742 2175 930 2214 interdici,
946 2184 993 2208 ne
1011 2175 1057 2208 ad
1071 2183 1134 2208 eas
1152 2175 1329 2217 deinceps
1348 2176 1502 2209 accedat
1517 2176 1577 2210 vel
1595 2177 1772 2220 attingat,
1790 2179 1923 2220 quovis

285 2233 430 2273 quesite
445 2231 586 2270 colore,
601 2232 669 2264 sub
684 2239 782 2272 pena
798 2232 982 2272 perpetue
1006 2230 1316 2263 incarcerationis
1331 2231 1412 2264 sine
1429 2240 1494 2273 spe
1512 2231 1670 2265 alicuius
1688 2233 1924 2266 remissionis

284 2297 430 2321 necnon
456 2287 540 2320 aliis
559 2287 652 2319 iuris
676 2286 796 2328 penis,
830 2294 922 2326 quas
939 2286 1020 2327 ipso
1040 2286 1140 2318 facto
1158 2286 1340 2327 incurrat,
1360 2286 1392 2318 si
1408 2287 1678 2320 contrafecerit
1694 2288 1732 2320 et
1748 2289 1926 2322 noscatur

284 2343 514 2384 incurrisse3
541 2343 571 2374 si
599 2351 688 2375 vero
718 2341 765 2374 ad
793 2342 914 2383 ipsam
942 2340 1102 2374 ecclesie
1126 2341 1312 2374 unitatem
1339 2350 1387 2374 ex
1410 2342 1524 2375 corde
1549 2352 1643 2384 puro
1669 2352 1743 2376 non
1771 2344 1925 2377 rediens

285 2398 323 2430 et
347 2398 636 2437 abiurationem,
660 2396 953 2434 revocationem,
972 2395 1263 2428 detestationem
1280 2396 1318 2428 et
1334 2396 1504 2429 iniuncta
1520 2396 1593 2429 sibi
1604 2397 1781 2431 mandata
1797 2408 1925 2441 supra-

286 2453 385 2485 dicta
413 2462 487 2485 non
512 2452 730 2490 servaverit,
759 2451 992 2484 recusaverit
1015 2450 1074 2484 vel
1106 2450 1320 2493 neglexerit
1344 2452 1394 2491 et,
1428 2453 1550 2493 quoad
1578 2452 1664 2494 hoc,
1688 2454 1813 2487 vestre
1845 2463 1926 2487 sen-

286 2508 403 2541 tentie
442 2516 577 2549 parere
612 2506 889 2549 subterfugerit
923 2507 1047 2548 ipsum
1083 2506 1278 2547 tamquam
1313 2506 1526 2540 hereticum
1562 2508 1849 2550 degradandum
1887 2510 1927 2542 et

284 2564 495 2596 exuendum
513 2564 551 2595 in
564 2564 688 2596 forma
704 2562 862 2595 ecclesie
877 2562 1050 2595 omnibus
1069 2563 1202 2595 ordine
1222 2564 1260 2595 et
1277 2563 1397 2605 gradu
1415 2562 1683 2597 ecclesiasticis
1709 2574 1752 2598 ac
1768 2565 1923 2599 brachio

286 2618 446 2652 seculari
472 2619 762 2660 relinquendum
797 2619 881 2650 fore
915 2617 1115 2657 declarari,
1153 2627 1197 2651 ac
1221 2617 1316 2651 alias
1351 2618 1404 2658 in,
1441 2619 1488 2651 de
1517 2620 1555 2652 et
1590 2628 1704 2661 super
1730 2621 1925 2662 premissis

287 2674 458 2706 omnibus
484 2674 521 2706 et
545 2673 705 2716 singulis
733 2673 804 2705 sibi
828 2673 912 2706 fieri
937 2673 1034 2714 petit
1059 2682 1128 2714 per
1152 2682 1216 2705 vos
1245 2673 1390 2706 iustitie
1415 2673 1745 2716 complementum.

332 2742 344 2757 ιι
366 2729 557 2761 Promissa
570 2728 688 2771 igitur
701 2729 796 2770 petit
809 2728 930 2761 dictus
947 2729 1143 2770 promotor
1160 2737 1226 2761 seu
1258 2728 1463 2771 instigator
1476 2729 1708 2762 coniunctim
1724 2730 1762 2764 et
1776 2731 1926 2764 divisim

287 2783 507 2816 melioribus
524 2784 647 2822 modo,
667 2784 738 2822 via,
758 2792 870 2816 causa
887 2785 925 2816 et
940 2784 1076 2824 forma,
1102 2784 1238 2824 quibus
1261 2783 1397 2816 melius
1415 2784 1453 2816 et
1470 2784 1659 2818 efficacius
1676 2785 1753 2827 peti
1770 2788 1928 2828 possunt

288 2839 325 2870 et
349 2837 512 2880 valeant,
536 2839 702 2871 vestrum
719 2839 881 2880 desuper
906 2839 1113 2881 benignum
1130 2839 1296 2872 officium
1320 2837 1519 2872 humiliter
1542 2839 1794 2882 implorando,
1821 2841 1923 2875 salvo

285 2893 369 2925 iure
386 2893 559 2934 addendi,
578 2893 786 2934 minuendi,
804 2893 975 2927 mutandi
989 2895 1026 2927 et
1043 2894 1272 2937 corrigendi,
1291 2895 1378 2934 ete.‚
1408 2895 1445 2929 et
1469 2895 1715 2937 protestatur,
1741 2896 1782 2930 ut
1797 2897 1871 2931 fuit
1887 2898 1925 2932 et

290 2949 346 2981 est
370 2948 499 2982 moris.
519 2961 531 2977 ι»
