2050 3470
241 309 305 343 200·
933 302 1066 337 ANNO
1090 301 1175 336 1418

236 421 311 476 kig
352 419 498 462 ketter
534 416 718 474 ontwijd
751 430 805 459 en
848 428 931 458 aan
975 403 1060 458 den
1093 413 1402 471 wereldlijken
1436 427 1530 457 arm
1563 413 1874 470 overgeleverd

236 489 431 531 worden.
454 487 596 530 —Na
633 485 777 540 lezing
814 497 898 527 van
932 483 993 526 dit
1028 483 1200 534 vonnis‚
1239 496 1386 525 zwoer
1418 482 1620 527 Nicolaas
1652 482 1876 525 Serrurier

236 558 349 614 zijne
373 555 575 611 dolingen
599 552 791 610 plechtig
813 552 861 595 af
876 565 929 595 en
954 551 1216 595 verklaarde
1251 551 1346 594 zich
1379 551 1609 595 volkomen
1644 554 1687 595 te
1720 551 1875 594 onder·

238 639 431 681 werpen.
459 649 517 657 —
539 624 706 678 Daarop
747 622 869 677 volgt
906 621 957 664 de
976 620 1096 664 tekst
1120 621 1199 662 der
1218 621 1482 677 herroeping
1525 621 1631 663 door
1675 621 1876 664 Nicolaas

236 696 459 741 Serrurier
483 693 811 751 uitgesproken‚
848 692 1124 736 inhoudende
1147 692 1199 734 de
1233 692 1509 748 omstandige
1532 693 1623 749 lijst
1657 706 1740 735 van
1765 692 1878 749 zijne

237 768 288 810 31
314 764 565 821 ketterijen.
602 763 663 819 Op
688 764 765 806 het
792 761 1030 818 Evangelie
1053 760 1178 817 legde
1203 761 1263 818 hij
1291 761 1372 804 den
1398 761 1475 804 eed
1503 761 1559 815 af,
1585 762 1660 805 dat
1681 761 1740 818 hij
1766 760 1878 817 zijne

238 848 448 891 vroegere
469 833 676 888 delingen
701 830 919 874 verfoeide
943 845 996 873 en
1022 831 1131 881 zich‚
1170 830 1212 872 in
1238 831 1366 886 geval
1390 844 1480 874 van
1503 830 1768 886 hervallfflg,
1795 843 1878 873 aan

237 905 278 948 al
297 903 347 947 de
365 901 601 946 verdiende
619 900 800 944 straffen
820 899 1138 955 onderwerpen
1160 913 1255 943 zou.
1279 900 1368 942 Ten
1389 900 1520 944 slotte
1540 899 1799 942 verklaarde
1816 898 1876 955 hij

237 977 283 1027 te
306 972 558 1023 wenschen,
594 970 668 1014 dat
700 970 753 1012 de
785 969 998 1025 volledige
1037 968 1157 1011 tekst
1191 968 1330 1026 zijner
1362 969 1626 1026 herroeping
1658 967 1880 1025 gezonden

240 1041 361 1085 werd
385 1055 467 1084 aan
500 1040 584 1083 den
607 1039 774 1095 koning
806 1052 858 1081 en
893 1038 945 1081 de
979 1036 1191 1094 koningin
1231 1051 1315 1080 van
1355 1038 1608 1096 Frankrijk,
1636 1037 1688 1080 de
1712 1037 1880 1092 Hooge-

240 1111 385 1154 school
428 1123 512 1153 van
554 1108 708 1165 Parijs,
744 1108 795 1150 de
833 1107 1051 1150 baroenen
1091 1120 1143 1149 en
1189 1109 1451 1163 gemeenten
1495 1107 1572 1150 der
1612 1106 1879 1149 bisdommen

241 1179 451 1230 Doornik,
486 1178 719 1230 Terwaan,
756 1175 1000 1233 Kamerijk,
1027 1175 1212 1219 Atrecht
1237 1189 1290 1218 en
1327 1176 1603 1232 omliggende
1635 1179 1877 1232 gewesten,

241 1263 292 1293 en
320 1247 485 1292 stemde
518 1247 578 1304 hij
604 1260 652 1289 er
673 1246 717 1289 in
750 1248 837 1296 toe,
863 1246 939 1288 dat
970 1245 1083 1302 zijne
1116 1245 1370 1288 kettersche
1406 1245 1641 1301 stellingen
1664 1243 1882 1300 openbaar

240 1316 459 1361 verbrand
484 1316 676 1359 werden.
701 1340 757 1350 —
780 1315 1057 1371 Vervolgens
1090 1328 1282 1371 vroegen
1317 1315 1542 1359 Johannes
1575 1315 1628 1357 de
1663 1313 1884 1358 Wastinia

242 1402 295 1430 en
333 1386 556 1430 Johannes
600 1384 933 1437 Wachendonc‚
973 1388 1283 1440 procuratores
1323 1398 1408 1426 van
1442 1384 1523 1427 den
1564 1383 1764 1439 bisschop
1797 1396 1883 1425 van

242 1455 434 1500 Doornik
456 1456 559 1511 (Jan
598 1467 683 1497 van
717 1453 895 1510 Thoisy)
931 1467 984 1496 en
1007 1466 1093 1496 van
1118 1452 1200 1495 den
1234 1453 1493 1509 inquisiteur
1525 1453 1672 1496 Pieter
1708 1453 1880 1502 FIoure,

244 1525 395 1569 alsook
431 1523 655 1567 Johannes
679 1522 731 1566 de
754 1523 963 1579 Poilley0,
1002 1535 1185 1565 nameus
1209 1522 1261 1565 de
1283 1523 1385 1565 orde
1405 1536 1489 1565 van
1522 1522 1881 1578 St-Augustinus‚

244 1596 320 1639 dat
341 1595 431 1639 hun
455 1594 559 1637 door
581 1594 633 1636 de
657 1592 898 1651 pauselijke
923 1593 1170 1635 notarissen
1197 1592 1378 1649 talrijke
1411 1591 1668 1635 afschriften
1691 1591 1767 1634 der
1790 1594 1884 1634 acte

244 1663 520 1708 inhoudende
537 1663 613 1706 het
636 1662 855 1719 gebeurde
878 1662 1046 1706 zouden
1065 1661 1313 1717 afgeleverd
1343 1661 1536 1704 worden.
1565 1687 1618 1692 —
1639 1660 1885 1703 Onmiddel-

245 1733 322 1791 lijk
341 1733 506 1776 daarna
530 1732 707 1775 werden
728 1732 779 1774 de
813 1731 1080 1774 leerstelsels
1104 1744 1188 1772 van
1223 1729 1407 1773 broeder
1439 1730 1640 1774 Nicolaas
1662 1729 1886 1773 Serrurier

244 1817 296 1858 op
329 1803 380 1845 de
414 1802 555 1858 plaats
592 1799 699 1844 voor
736 1801 788 1844 de
827 1800 1072 1843 hoofdkerk
1106 1800 1149 1842 in
1188 1799 1620 1856 tegenwoordigheid
1653 1812 1737 1842 van
1780 1803 1886 1840 eene

244 1875 397 1928 groote
421 1871 613 1927 menigte
636 1869 856 1926 openbaar
881 1869 1111 1913 verbrand.
1139 1893 1197 1901 -
1220 1870 1388 1925 Daarop
1427 1870 1588 1925 volgen
1612 1868 1687 1911 het
1710 1866 1887 1911 slotfor-

244 1941 399 1984 mulier
422 1940 500 1983 der
521 1940 760 1983 notarieele
792 1942 889 1982 acte
909 1952 963 1981 en
987 1939 1038 1981 de
1061 1938 1366 1981 handteekens
1386 1937 1463 1980 der
1482 1941 1598 1981 twee
1621 1936 1886 1993 optredende

245 2009 492 2052 notarissen
516 2009 601 2052 Jan
623 2007 788 2051 Guiard
812 2021 866 2050 en
890 2006 1113 2051 Antonius
1135 2006 1322 2050 Guidon.

289 2112 332 2146 IN
363 2121 503 2147 ΝΟΜΙΝΕ
524 2120 671 2147 §mem
693 2113 731 2145 et
763 2111 958 2145 indiuidue
983 2111 1180 2144 Trinitatis
1204 2111 1323 2153 patris
1348 2112 1386 2144 et
1414 2111 1479 2153 filij
1513 2112 1551 2144 et
1576 2111 1730 2154 spiritus
1754 2109 1886 2150 sancti,

244 2177 368 2201 amen.

293 2223 481 2257 Nouerint
496 2223 665 2256 vniuersi
684 2223 880 2264 presentes
898 2222 936 2255 et
950 2222 1083 2262 futuri,
1111 2222 1210 2263 quod
1228 2231 1324 2255 anno
1344 2231 1365 2254 a
1384 2222 1583 2254 natiuitate
1597 2220 1746 2255 Domini
1769 2219 1889 2254 mille-

249 2280 343 2311 simo
362 2278 736 2321 quadringentesimo
754 2278 900 2311 decimo
926 2278 1070 2317 octavo,
1097 2277 1303 2310 indictione
1327 2277 1539 2318 vndecima,
1565 2277 1625 2309 die
1649 2286 1737 2310 vero
1757 2276 1889 2309 Martis

248 2334 469 2366 duodecima
493 2333 632 2366 mensis
662 2332 816 2374 Aprilis,
843 2333 888 2365 dc
917 2341 1026 2365 mane
1058 2332 1152 2365 hora
1186 2334 1320 2366 octaua
1347 2334 1432 2374 post
1462 2332 1623 2365 mediam
1652 2332 1816 2372 noctem,
1844 2331 1890 2364 de

248 2390 423 2422 mandato
442 2389 669 2422 sanctissimi
687 2389 725 2420 in
746 2388 895 2421 Christo
913 2388 1032 2430 patris
1057 2390 1094 2421 et
1119 2389 1261 2420 domini
1287 2388 1408 2420 nostri
1432 2387 1575 2420 domini
1600 2387 1892 2429 Martinj,digna

251 2445 320 2477 Dei
338 2444 578 2485 prouidentia
602 2453 709 2485 pape,
728 2444 969 2485 pontificatus
994 2443 1163 2476 eiusdem
1188 2452 1284 2476 anno
1310 2443 1446 2485 primo,
1472 2443 1511 2475 in
1535 2443 1690 2475 ciuitate
1715 2442 1892 2475 Constan-

252 2499 363 2532 tiensi
400 2499 597 2540 prouincie
630 2498 943 2541 Maguntinensis‚
979 2498 1018 2529 in
1055 2507 1127 2539 qua
1159 2499 1442 2531 sacrosanctum
1479 2497 1701 2530 vniversalis
1733 2496 1891 2529 ecclesie

253 2554 454 2587 concilium
472 2564 539 2596 pro
559 2555 694 2587 vnione
712 2555 840 2587 sancte
858 2554 989 2586 matris
1007 2553 1166 2586 ecclesie
1182 2545 1536 2594 reformacioneque
1561 2552 1728 2585 eiusdem
1752 2553 1829 2596 tam
1851 2552 1891 2584 in

252 2610 375 2650 capite
393 2619 505 2651 quam
529 2610 568 2642 in
586 2609 766 2642 membris
785 2619 827 2642 ac
845 2609 1104 2650 extirpacione
1117 2617 1291 2642 errorum
1309 2612 1346 2642 et
1369 2608 1546 2641 heresum
1570 2615 1891 2650 quorumcumque

252 2664 466 2697 celebratur
484 2666 521 2698 et
537 2666 702 2704 tenetur,
721 2665 793 2697 fuit
811 2664 1058 2706 congregatio
1078 2665 1273 2697 nationum
1302 2665 1582 2697 sacrosanctum
1607 2663 1891 2696 Constantiense

252 2718 451 2752 concilium
480 2719 718 2759 facientium,
744 2720 858 2761 prout
884 2718 1067 2752 hactenus
1092 2719 1164 2751 fuit
1190 2720 1432 2752 obseruatum
1459 2719 1498 2751 in
1526 2719 1625 2750 dicto
1655 2717 1827 2757 concilio,
1852 2717 1891 2749 in

253 2772 413 2806 ecclesia
429 2774 566 2806 maiori
584 2773 874 2813 Constantiensi,
893 2773 932 2805 in
949 2772 1032 2806 loco
1055 2773 1094 2805 in
1119 2782 1192 2814 quo
1219 2773 1540 2816 congregaciones
1564 2773 1602 2806 et
1626 2771 1700 2805 alie
1725 2771 1892 2804 actiones

255 2828 514 2870 sessionesque
543 2829 626 2861 fieri
658 2828 767 2861 solite
798 2829 885 2860 sunt
912 2837 980 2869 pro
1010 2828 1158 2870 magnis
1186 2829 1225 2860 et
1249 2828 1376 2861 arduis
1405 2828 1572 2871 negocijs
1600 2826 1768 2860 eiusdem
1796 2826 1894 2858 sacri

257 2882 402 2924 concilij
419 2882 602 2925 celebrarj
619 2884 657 2916 et
670 2883 765 2923 fieri,
779 2882 1000 2916 solemniter
1013 2885 1246 2925 congregate
1260 2884 1298 2916 et
1311 2883 1487 2923 adunate,
1502 2883 1717 2923 ibidemque
1730 2881 1892 2914 existen-

256 2937 355 2969 tibus
396 2940 433 2971 et
471 2938 706 2980 presentibus
745 2938 1074 2972 reuerendissimis
1118 2939 1415 2980 reuerendisque
1456 2939 1495 2971 in
1535 2937 1683 2970 Christo
1721 2936 1892 2978 patribus

257 2991 417 3026 dominis
448 2993 688 3036 patriarchis,
717 2993 1022 3036 archiepiscopiS,
1057 2993 1256 3036 episcopis,
1290 2993 1501 3034 abbatibus,
1535 3002 1681 3028 necnon
1712 2991 1891 3036 egregiis,
