2050 3470
801 230 868 264 AN
873 229 905 263 N
910 230 940 264 Ο
975 230 1058 263 1417
1687 229 1749 263 201

103 347 227 389 ipsum
259 354 345 379 cum
374 344 488 378 certis
521 342 797 377 divinatoribus
833 342 880 376 ad
911 342 1129 376 faciendum
1160 350 1293 375 eorum
1333 341 1593 376 damnationes
1632 341 1750 375 fuisse

102 402 319 444 presentem
331 401 508 443 ipsosque
526 399 758 432 divinatores
775 398 982 432 associasse
997 399 1035 431 ct
1051 398 1106 431 eis
1120 398 1159 430 in
1173 407 1240 431 sua
1265 398 1346 431 arte
1364 398 1565 440 nephanda
1581 398 1751 431 favorem

102 457 299 500 prebuisse
323 455 513 495 illicitum,
540 455 767 489 sententiam
797 454 1200 488 excommunicationis
1214 454 1296 495 ipso
1326 455 1426 486 facto
1456 453 1751 496 dampnabiliter

101 513 330 546 incurrendo
356 513 393 545 et
410 510 504 544 alias
518 511 741 554 gravissime
756 509 1030 551 delinquendo;
1049 510 1252 550 auditaque
1270 510 1361 541 dicti
1377 509 1507 542 clerici
1526 510 1571 542 de
1585 511 1622 542 et
1636 518 1751 551 super

102 568 297 611 premissis
322 567 560 599 confessione
578 568 788 608 spontanea
802 575 929 598 coram
945 566 1052 598 nobis
1069 565 1304 607 judicialiter
1317 567 1418 599 facta
1431 567 1587 607 ipsaque
1605 568 1751 599 attenta

102 622 187 656 aliis
205 623 306 656 circa
324 622 394 655 hoc
409 623 662 661 attendendis,
679 631 746 654 nos
763 623 801 654 et
818 622 985 654 animum
1001 622 1171 654 nostrum
1186 622 1231 654 ad
1246 620 1318 653 hoc
1337 622 1382 654 de
1395 622 1479 663 jure
1497 622 1748 661 moventibus,

102 678 309 721 diligenter
338 678 607 719 consideratis3
635 678 682 710 ad
711 677 1027 719 supplicationem
1051 678 1128 709 tam
1153 677 1385 718 promotoris
1409 686 1608 710 causarum
1636 677 1751 710 officii

101 734 207 767 curie
224 734 354 767 nostre
367 734 537 775 predicte
552 742 663 774 quam
678 733 769 765 dicti
785 732 914 765 clerici
932 733 989 765 rei
1004 742 1132 765 coram
1150 732 1258 765 nobis
1275 734 1480 774 propterea
1496 732 1752 774 personaliter

103 788 402 830 comparentium
427 798 542 830 super
556 788 627 821 hoc
652 788 760 821 nobis
785 787 983 821 humiliter
999 790 1151 827 factam,
1171 798 1239 820 nos
1257 789 1461 830 eapropter
1488 788 1527 820 in
1543 787 1686 829 judicio
1704 788 1750 820 ad

100 844 188 886 jura
219 843 457 876 reddendum
484 853 553 885 pro
587 843 769 876 tribunali
795 844 980 882 sedentes,
1016 843 1200 876 habentes
1228 842 1351 876 solum
1384 844 1506 876 Deum
1538 852 1606 885 pre
1632 842 1751 876 oculis

102 900 260 941 eJ'usque
287 899 440 931 nomine
464 899 643 941 primitus
660 899 833 932 invocato
852 899 1116 941 promissoque
1143 899 1248 941 prius
1273 908 1342 940 per
1370 899 1513 932 dictum
1545 907 1654 932 reum
1682 899 1751 931 sub

102 955 210 997 penis
233 955 329 997 juris
346 963 389 987 ac
406 954 481 987 fide
498 956 536 987 et
552 955 767 996 juramento
785 955 862 987 suis
889 955 1046 996 propter
1062 954 1134 987 hoc
1150 955 1197 988 ab
1215 955 1349 987 eodem
1365 954 1404 986 in
1421 953 1594 987 manibus
1612 953 1752 986 nostris

102 1009 324 1043 solemniter
349 1012 387 1043 et
411 1008 665 1051 corporaliter
694 1010 876 1051 prestitis,
897 1010 995 1050 quod
1023 1018 1214 1050 nunquam
1246 1010 1284 1042 in
1308 1010 1458 1042 reatum
1485 1009 1752 1051 prenarratum

102 1065 301 1107 reincidet‚
318 1066 378 1107 jus
395 1067 433 1098 ct
450 1066 645 1098 decretum
670 1067 840 1098 nostrum
854 1065 932 1098 sive
950 1066 1118 1097 nostram
1135 1065 1374 1098 diffinitivam
1399 1064 1627 1097 sententiam
1644 1064 1690 1097 de
1716 1065 1755 1097 et

102 1130 217 1164 super
239 1121 436 1162 premissis
453 1121 617 1153 diximus
635 1121 673 1154 et
696 1119 938 1163 protulimus,
958 1121 1193 1162 dicimusque
1211 1120 1249 1154 et
1273 1120 1504 1162 proferimus
1528 1119 1567 1152 in
1585 1118 1751 1161 scriptis,

103 1175 142 1209 in
155 1175 255 1209 hunc
271 1178 444 1209 modum:

147 1232 191 1265 In
220 1232 291 1265 Dei
319 1233 486 1275 nomine,
519 1243 642 1267 amen.
674 1233 861 1272 Quoniam
892 1234 969 1266 tam
997 1242 1066 1276 per
1097 1234 1346 1276 spontaneam
1374 1232 1652 1266 confessionem
1681 1231 1750 1272 tui,

102 1286 296 1321 Richarde
309 1289 359 1321 du
373 1288 561 1330 Crocquet
574 1289 726 1329 clerice,
738 1299 866 1322 coram
884 1289 993 1322 nobis
1005 1289 1239 1331 judicialiter
1251 1290 1390 1321 factam
1406 1297 1518 1329 quam
1535 1286 1629 1321 alias
1642 1287 1751 1319 nobis

103 1342 275 1386 legitime
307 1345 478 1377 constitit
505 1346 619 1386 atque
651 1346 811 1386 constat,
837 1346 874 1378 te
899 1354 983 1378 cum
1016 1345 1130 1377 certis
1161 1344 1434 1377 divinatoribus
1463 1344 1509 1376 ad
1534 1343 1751 1376 faciendum

103 1407 236 1432 eorum
261 1400 512 1434 divinationes
536 1401 653 1434 fuisse
682 1402 899 1443 presentem
916 1401 1094 1442 ipsosque
1112 1401 1343 1433 divinatores
1361 1400 1568 1432 associasse
1585 1399 1623 1432 et
1640 1399 1694 1431 eis
1713 1399 1751 1430 in

104 1464 173 1488 sua
189 1456 271 1489 arte
288 1455 490 1498 nephanda
503 1458 673 1489 favorem
691 1457 889 1498 prebuisse
903 1456 1094 1497 illicitum,
1105 1455 1332 1489 sententiam
1352 1454 1755 1488 excommunicationis

105 1511 399 1553 dampnabiliter
429 1512 676 1552 incurrendo,
706 1512 848 1545 idcirco
881 1512 1037 1545 attentis
1066 1512 1296 1544 contritione
1324 1512 1390 1544 tua
1417 1511 1463 1543 de
1491 1509 1686 1552 premissis
1715 1510 1754 1541 et

104 1566 221 1600 etiam
248 1567 356 1608 penis
384 1567 550 1600 carceris
575 1576 619 1600 ac
650 1566 737 1600 aliis
766 1576 859 1608 quas
890 1568 1097 1609 propterea
1121 1566 1185 1599 diu
1211 1567 1402 1608 patienter
1429 1565 1655 1604 sustinuisti,
1685 1573 1755 1596 nos

103 1620 274 1654 volentes
291 1621 413 1664 rigori
437 1622 736 1655 misericordiam
752 1624 940 1665 preferre,
959 1622 1089 1655 habita
1112 1623 1218 1664 prius
1231 1631 1300 1664 per
1328 1631 1396 1654 nos
1414 1622 1460 1654 de
1477 1621 1516 1654 et
1532 1629 1646 1662 super
1669 1628 1754 1661 pre-

104 1677 229 1709 missis
245 1678 395 1711 matura
412 1678 687 1712 deliberatione
706 1688 791 1712 cum
816 1679 1026 1712 venerabili
1044 1680 1081 1712 et
1105 1679 1287 1721 religioso
1316 1678 1397 1711 viro
1422 1677 1606 1720 magistro
1637 1677 1754 1710 Petro

106 1732 258 1773 Floure,
292 1733 435 1766 ordinis
466 1734 629 1766 fratrum
651 1735 946 1776 predicatorum,
977 1743 1083 1767 sacre
1115 1733 1309 1777 theologie
1334 1734 1564 1775 professore,
1597 1731 1754 1773 inquisi-

105 1789 189 1821 tore
213 1787 383 1822 heretice
408 1789 607 1831 pravitatis
640 1799 710 1832 per
741 1791 864 1822 totum
888 1799 1051 1832 regnum
1078 1789 1239 1823 Francie
1271 1790 1464 1831 deputato,
1491 1787 1755 1830 promissoque

105 1851 175 1885 per
197 1843 235 1876 te
252 1844 321 1876 sub
346 1846 410 1877 tuo
437 1844 598 1877 solemni
626 1845 842 1887 juramento
861 1846 900 1878 et
923 1854 992 1887 per
1024 1854 1091 1877 nos
1120 1845 1189 1877 tibi
1213 1844 1384 1886 inJuncto
1419 1843 1487 1876 sub
1512 1843 1619 1885 penis
1642 1842 1755 1883 juris,

107 1899 208 1940 quod
232 1900 272 1932 in
296 1901 445 1933 reatum
469 1900 689 1942 hujusmodi
707 1910 900 1942 nunquam
925 1901 1126 1941 reincides,
1147 1902 1184 1934 te
1209 1909 1231 1933 a
1250 1899 1439 1933 sententia
1454 1897 1756 1932 excommunica-

106 1955 233 1995 tionis,
272 1965 384 1997 quam
409 1958 568 1999 propter
594 1956 667 1990 hoc
699 1958 910 1997 incurristi,
938 1956 1166 1990 absolvimus
1203 1958 1241 1990 in
1269 1956 1343 1989 hiis
1375 1956 1538 1998 scriptis,
1568 1956 1605 1988 te
1630 1955 1755 1997 ipsum

107 2010 376 2045 nichilominus
401 2013 448 2045 ad
465 2012 538 2045 hoc
555 2013 655 2054 quod
671 2013 710 2045 in
739 2012 925 2046 honorem
944 2013 1028 2053 Dei,
1053 2014 1163 2046 beate
1194 2013 1316 2045 Marie
1338 2011 1498 2054 virginis
1515 2011 1554 2044 et
1569 2010 1756 2043 remissio·

108 2075 195 2099 nem
226 2067 379 2100 tuorum
406 2069 669 2110 peccaminum
698 2068 832 2101 limina
861 2068 1022 2102 ecclesie
1053 2069 1162 2102 beate
1194 2068 1316 2101 Marie
1344 2068 1390 2101 de
1423 2067 1546 2100 Busco
1572 2066 1687 2099 Ducis
1714 2066 1754 2098 in

108 2121 316 2155 Brabantia
329 2132 493 2166 peregre
510 2125 548 2157 et
564 2123 820 2165 personaliter
837 2124 966 2157 visites
991 2125 1028 2157 et
1044 2124 1136 2157 item
1153 2133 1226 2165 quo
1246 2124 1293 2156 ad
1314 2123 1387 2155 hoc
1405 2123 1506 2155 infra
1518 2122 1630 2155 unius
1648 2130 1751 2155 men—

107 2177 158 2209 sis
175 2178 340 2220 spatium
361 2188 510 2213 exnunc
522 2180 742 2212 immediate
760 2179 967 2212 affuturum
981 2180 1155 2222 arripias,
1173 2179 1321 2212 litteras
1338 2177 1613 2212 testimoniales
1637 2186 1752 2219 super

107 2233 324 2277 huJusmodi
341 2235 468 2278 viagio
502 2235 630 2268 debite
647 2238 803 2277 peracto
833 2235 942 2268 nobis
970 2235 1214 2278 reportando,
1245 2233 1527 2268 sententialiter
1548 2234 1587 2266 in
1612 2233 1753 2267 eisdem

107 2290 259 2332 scriptis
276 2291 608 2333 condempnantes.

152 2347 200 2380 Et
216 2346 290 2379 hiis
307 2346 563 2380 mediantibus
588 2348 625 2380 te
655 2356 677 2380 a
703 2347 883 2389 prisoniis
908 2347 1014 2381 curie
1042 2347 1171 2380 nostre
1194 2346 1366 2389 predicte
1392 2346 1600 2379 liberamus
1631 2355 1675 2378 ac
1706 2345 1753 2378 de

107 2402 302 2444 premissis
319 2402 494 2444 punitum
511 2404 550 2435 et
577 2403 792 2436 correctum
809 2403 916 2436 abire
932 2403 1201 2446 permittimus,
1226 2403 1413 2445 potestate
1433 2402 1542 2434 nobis
1559 2402 1598 2435 et
1614 2401 1754 2434 nostris

108 2458 389 2491 successoribus
406 2457 623 2500 hujusmodi
652 2459 819 2492 nostram
843 2459 1071 2492 sententiam
1102 2459 1317 2502 mitigandi,
1346 2458 1530 2498 mutandi,
1555 2456 1752 2490 relaxandi

108 2513 167 2547 vel
185 2513 279 2547 alias
296 2515 334 2547 in
352 2515 432 2547 toto
448 2513 508 2547 vel
526 2515 563 2547 in
581 2515 689 2556 parte
706 2515 926 2548 remittendi
950 2515 1169 2557 specialiter
1185 2515 1391 2555 reservata,
1408 2513 1628 2546 mandantes
1645 2512 1750 2545 vobis

108 2570 282 2603 omnibus
299 2571 337 2603 et
360 2569 521 2613 singulis
538 2570 773 2612 presbyteris
797 2572 836 2603 et
858 2570 1066 2613 capellanis
1093 2571 1257 2604 civitatis
1275 2571 1312 2603 et
1333 2570 1494 2602 diocesis
1517 2569 1751 2609 notariisque

109 2625 148 2658 et
163 2624 445 2667 apparitoribus
463 2625 561 2658 dicte
578 2626 706 2658 nostre
724 2625 829 2659 curie
855 2626 1121 2664 Tornacensis,
1146 2626 1332 2666 quatenus
1354 2625 1539 2667 premissa
1562 2624 1689 2657 omnia
1713 2624 1752 2657 ct

108 2680 261 2725 singula
287 2681 438 2725 legam,
479 2680 695 2724 publicetiS,
732 2682 934 2716 insinuetis
968 2683 1006 2715 et
1038 2682 1245 2724 diligenter
1277 2682 1456 2714 intimare
1481 2681 1635 2720 curetis,
1670 2680 1751 2720 ubi,

109 2737 258 2777 quando
284 2745 327 2769 ac
355 2737 500 2770 tociens
533 2738 714 2778 quociens
743 2747 857 2780 super
888 2738 959 2771 hec
987 2738 1137 2771 fueritis
1165 2737 1337 2778 requisiti
1367 2747 1433 2770 seu
1464 2738 1631 2770 vestrum
1656 2735 1754 2769 alter

108 2793 226 2825 fuerit
252 2792 473 2834 requisitus,
501 2792 717 2826 inhibentes
735 2794 905 2828 districte
922 2794 1149 2827 auctoritate
1167 2794 1296 2826 nostra
1313 2793 1508 2826 ordinaria
1524 2792 1698 2825 omnibus
1716 2793 1754 2825 ct

110 2847 272 2891 singulis
289 2848 452 2880 dominis
469 2848 755 2890 temporalibus,
781 2849 943 2890 ballivis,
968 2848 1201 2889 subballivis,
1222 2849 1438 2890 prepositis,
1463 2849 1612 2889 juratis,
1632 2848 1750 2880 scabi-

110 2903 168 2936 nis
182 2904 221 2937 et
235 2903 446 2946 laycalibus
461 2904 684 2946 Justiciariis
703 2913 747 2937 ac
763 2903 849 2937 aliis
873 2904 1174 2945 quibuscumque
1198 2904 1244 2936 de
1262 2905 1300 2936 et
1316 2912 1430 2945 super
1447 2903 1583 2945 quibus
1601 2903 1750 2936 fueritis

109 2956 297 3000 requisiti,
311 2959 380 2992 sub
404 2968 502 3002 pena
519 2959 922 2994 excommunicationis
950 2959 1129 3002 omnique
1158 2958 1234 2992 alia
1262 2967 1360 3003 pena
1387 2959 1569 2993 canonica
1586 2967 1629 2993 ac
1653 2966 1751 3003 pena
