2050 3470
743 283 880 317 ANNO
908 283 1001 322 1310,
1029 283 1107 315 1311
1695 286 1738 318 65

116 393 179 435 qui
199 391 396 426 translatat
413 392 449 426 la
463 392 587 425 divine
602 392 832 434 Escripture‚
847 402 891 425 en
911 393 1032 434 queile
1050 394 1270 427 translation
1289 395 1383 428 mult
1399 395 1472 429 elle
1490 399 1591 429 errat
1615 406 1655 430 es
1679 405 1735 429 ar-

110 448 228 490 tycles
246 449 291 481 de
309 447 345 480 la
362 448 449 485 foid,
471 449 508 479 et
525 447 582 480 del
601 449 809 480 sacrament
828 448 886 479 del
905 448 1009 481 alteit
1036 449 1205 482 dest-elle
1233 450 1404 491 pluscurs
1429 451 1592 493 parolles
1609 453 1736 494 preju-

111 503 252 536 diciaus
270 504 399 535 contre
418 502 453 534 la
470 503 596 534 Sainte
625 503 854 544 Eseripfflre,
881 513 948 544 par
972 513 1067 544 qucu
1084 503 1254 545 pluseurs
1278 507 1450 539 maistres
1475 507 1519 539 de
1544 506 1735 549 theologie

112 557 206 590 mult
224 567 398 599 experses
416 556 450 590 le
469 558 757 598 condempnont,
786 560 822 590 et
838 558 894 590 fut
912 568 1029 599 arses3
1051 561 1170 592 mains
1190 560 1283 593 Dieu
1302 570 1370 603 par
1397 571 1437 594 sa
1464 563 1576 604 grant
1592 562 1737 595 miseri-

112 613 224 645 corde
242 612 277 645 le
295 611 429 654 gardat
444 611 579 652 qu’elle
595 614 719 644 morut
735 621 780 645 en
799 612 836 645 la
851 613 952 645 vraic
970 613 1045 645 foid
1063 613 1289 655 catholiquc.

458 706 515 749 Ly
543 707 701 749 Myrem·
731 706 794 740 des
824 707 981 747 Hister-s,
1011 708 1219 751 chronique
1248 710 1293 743 de
1321 711 1416 744 Jean
1444 712 1509 744 des
1548 712 1657 744 Preis
1687 713 1742 744 dit

505 761 801 802 (l’Outrenieuse‚
841 763 1066 805 uitgegeven
1107 764 1200 797 door
1235 765 1285 797 St.
1332 766 1527 806 Bormans‚
1553 766 1636 799 deel
1675 767 1739 808 VI,

505 816 573 848 blz.
594 817 667 855 141,
698 818 772 850 142.
790 836 830 840 —
848 818 890 850 In
912 819 994 851 1310
1015 818 1088 851 viel
1109 818 1149 852 Ο.
1175 820 1214 852 L.
1239 820 1283 852 11.
1308 821 1549 854 Hemelvaart
1576 832 1622 863 op
1651 822 1741 854 don-

505 872 648 914 derdag
665 873 705 904 27
726 872 812 905 Mei.
834 873 887 905 De
904 873 1087 916 volgendc
1105 876 1290 918 maandag
1307 885 1382 909 was
1399 877 1465 908 dus
1485 877 1500 909 1
1518 876 1620 909 Juni.

765 1040 836 1082 4ο
876 1038 911 1090 (1
926 1033 1071 1096 uubis)

168 1182 286 1232 1311,
328 1181 425 1224 Julz·
444 1185 512 1233 23,
554 1182 724 1227 Rez'ms.
773 1182 896 1225 Brief
932 1195 1014 1225 van
1060 1182 1239 1234 Robert,
1287 1183 1607 1242 aartsbisschop
1654 1200 1736 1230 van

107 1250 268 1299 Reims,
294 1263 375 1292 aan
408 1251 481 1303 G.‚
508 1250 706 1306 bisschop
730 1264 812 1292 van
836 1250 1046 1300 Soissons,
1089 1266 1193 1294 over
1218 1253 1267 1295 de
1292 1251 1616 1310 bijeenroeping
1649 1269 1731 1298 van

108 1332 187 1361 een
221 1318 365 1361 nieuw
398 1318 664 1375 provinciaal
703 1318 880 1361 concilie
923 1324 966 1362 te
1005 1319 1144 1363 Senlis
1179 1324 1243 1363 tot
1288 1320 1365 1364 het
1398 1322 1631 1366 vonnissen
1665 1323 1743 1366 der

109 1387 468 1443 Tempelridders.
500 1414 555 1421 —
586 1388 663 1430 Als
701 1387 913 1444 pauselijk
937 1402 991 1431 en
1024 1388 1363 1445 bisschoppelijk
1402 1389 1738 1436 kettermeester

108 1455 228 1499 heeft
251 1455 417 1499 Robert
439 1461 569 1512 tegen
594 1456 748 1499 zekere
772 1455 1101 1514 asschuwelijke
1124 1457 1468 1513 Tempelridders
1503 1460 1735 1504 vonnissen

110 1526 437 1582 uitgevaardigd
464 1540 516 1582 op
539 1526 614 1569 het
638 1526 902 1581 provinciaal
925 1527 1102 1570 concilie
1135 1527 1240 1570 door
1272 1528 1370 1570 hem
1405 1531 1445 1571 te
1479 1527 1619 1571 Senlis
1650 1534 1739 1573 met

105 1597 217 1653 zijne
250 1595 525 1652 suffraganen
561 1594 803 1650 gehouden.
837 1595 981 1638 Onder
1017 1596 1084 1638 die
1119 1596 1455 1639 veroordeelden
1487 1597 1734 1653 weigerden

106 1665 288 1708 enkelen
319 1663 594 1719 hardnekkig
618 1663 765 1706 hunne
790 1663 941 1707 schuld
960 1669 1002 1707 te
1021 1664 1263 1713 bekennen.
1288 1665 1440 1709 zoodat
1465 1666 1554 1708 hun
1577 1667 1738 1725 geding

106 1746 191 1789 nog
214 1733 302 1776 niet
326 1734 521 1789 gesloten
547 1733 597 1776 is.
625 1733 807 1775 Daarom
831 1734 896 1776 zal
930 1734 981 1776 de
1010 1733 1335 1790 aartsbisschop
1361 1748 1413 1791 op
1437 1735 1519 1777 den
1551 1736 1736 1781 donder-

106 1801 189 1857 dag
211 1816 266 1844 na
288 1801 334 1844 Ο.
361 1803 405 1847 L.
431 1801 899 1846 Vrouw-Hemelvaart
918 1803 991 1860 (19
1010 1804 1255 1859 Augustus)
1273 1806 1318 1846 te
1335 1803 1474 1847 Senlis
1492 1818 1571 1847 een
1591 1806 1733 1850 nieuw

106 1871 375 1927 provinciaal
408 1871 585 1914 eoncilie
609 1871 778 1915 houden
803 1886 870 1914 om
893 1873 945 1915 de
967 1872 1070 1916 zaak
1095 1873 1171 1915 der
1198 1873 1450 1916 kettersche
1474 1874 1735 1930 Tempelrid—

105 1939 202 1983 ders
227 1941 453 1996 nogmaals
477 1945 521 1983 te
556 1941 748 1997 regelen.
789 1942 848 1984 De
880 1940 1078 1997 bisschop
1116 1956 1199 1984 van
1236 1942 1434 1987 Soissons
1466 1943 1608 1986 wordt
1646 1946 1736 1986 met

107 2008 158 2051 de
181 2008 506 2067 bijeenroeping
524 2010 679 2066 gelast.
707 2011 770 2066 Op
808 2011 853 2052 1η
885 2010 1069 2054 October
1102 2011 1166 2053 zal
1201 2024 1278 2053 een
1299 2011 1519 2067 algemeen
1554 2012 1734 2055 concilie

104 2077 244 2132 plaats
277 2077 460 2130 hebben,
508 2092 630 2122 waar
661 2078 713 2121 de
741 2078 1067 2135 aartsbisschop
1089 2080 1130 2122 al
1152 2080 1203 2122 de
1226 2079 1430 2123 klachten
1465 2081 1530 2123 zal
1553 2080 1732 2125 kunnen

101 2147 319 2190 indienen.

146 2251 351 2292 Robertus‚
379 2251 640 2284 misericordia
665 2251 791 2284 divina
818 2251 1018 2285 Remensis
1045 2251 1360 2294 archiepiscopus,
1389 2251 1596 2284 venerabili
1623 2252 1732 2285 fratri

102 2308 230 2340 nostro
249 2307 306 2346 G.‚
324 2307 475 2339 domino
498 2307 627 2340 eadem
657 2307 782 2349 gratia
813 2307 987 2349 episcopo
1012 2306 1283 2347 Suessionensi,
1309 2306 1468 2340 salutem
1492 2309 1529 2340 et
1546 2307 1731 2341 sinceram

100 2363 139 2395 in
157 2362 316 2396 Domino
334 2362 542 2395 caritatem.

145 2416 316 2450 Salvator
342 2419 482 2456 noster,
501 2417 540 2449 in
553 2418 660 2458 quus
685 2417 827 2450 ditione
843 2418 977 2450 cuncta
993 2418 1080 2450 sunt
1095 2417 1230 2459 posita,
1250 2417 1454 2449 immensae
1472 2415 1729 2458 providentiae

99 2471 384 2514 paterfamilias,
410 2472 514 2505 horis
531 2473 606 2505 diei
623 2472 737 2505 variis
763 2472 957 2514 operarios
974 2482 1059 2505 suos
1084 2472 1186 2504 misit
1210 2472 1247 2504 in
1272 2480 1444 2511 messem,
1463 2473 1499 2504 et
1517 2470 1606 2503 licet
1628 2470 1727 2504 idem

100 2536 296 2569 supremus
313 2527 494 2570 agricola,
513 2530 615 2560 sator
633 2528 816 2560 bonorum
841 2527 1007 2560 omnium
1025 2529 1062 2561 et
1088 2527 1290 2569 plantator,
1320 2535 1453 2569 agrum
1470 2526 1598 2559 mundi
1616 2525 1727 2567 hujus

100 2582 305 2626 diligenter
318 2582 507 2623 excolens,
522 2583 559 2615 in
575 2592 618 2616 eo
636 2583 878 2617 seminaverit
895 2591 1021 2616 semen
1036 2583 1186 2622 bonum,
1205 2582 1378 2615 inimicus
1395 2581 1588 2614 hominum
1602 2583 1726 2614 tamen

98 2638 289 2672 invenitur
305 2638 343 2670 in
377 2647 421 2671 eo
450 2638 768 2680 superseminasse
792 2638 973 2671 viciorum
996 2638 1173 2671 zizaniam
1198 2640 1235 2671 et
1261 2646 1446 2677 errorum,
1474 2638 1515 2670 ut
1539 2645 1583 2669 ea
1606 2636 1726 2678 magis

98 2695 238 2728 deflere
256 2694 367 2727 liceat
385 2703 496 2735 quam
514 2703 680 2733 narrare,
708 2693 881 2735 idemque
906 2703 998 2737 ager
1014 2694 1138 2736 potius
1155 2701 1324 2727 erescere
1349 2693 1520 2727 videatur
1536 2693 1581 2725 ad
1599 2693 1724 2735 ignem

99 2759 210 2792 quam
227 2749 418 2783 albescere
436 2750 649 2783 inveniatur
666 2749 711 2782 ad
728 2758 898 2782 messem.

141 2805 245 2838 Haeo
277 2806 402 2838 autem
430 2804 679 2848 singularium
708 2813 907 2846 pravorum
935 2806 1094 2837 fratrum
1122 2804 1264 2836 ordinis
1293 2802 1440 2845 Templi
1466 2802 1662 2844 nephanda
1686 2804 1724 2835 et

99 2859 258 2894 crimina
285 2859 554 2902 perhorrenda,
583 2859 759 2893 videlicet
785 2860 1006 2902 apostasiae,
1036 2859 1210 2892 haereses
1235 2862 1271 2892 et
1295 2868 1456 2898 (πνοι-οε,
1476 2859 1512 2891 in
1535 2857 1722 2900 publicam

98 2915 290 2949 notionem
306 2914 466 2949 deducta
477 2915 676 2948 manifeste
693 2914 898 2955 declarant,
916 2916 954 2948 et
969 2914 1057 2947 licet
1073 2915 1205 2948 contra
1221 2913 1419 2947 nonnullos
1443 2923 1488 2947 ex
1517 2914 1570 2946 eis
1587 2913 1721 2945 diffini-

98 2970 197 3003 tivae
215 2970 437 3011 sententiae,
452 2973 529 3004 tam
542 2970 749 3014 apostolica
770 2971 993 3005 auctoritate
1010 2970 1116 3004 nobis
1132 2970 1170 3003 in
1188 2969 1259 3003 hac
1274 2971 1380 3012 parte
1396 2969 1596 3002 commissa
1610 2977 1721 3009 quam

1634 3039 1656 3072 5
