2050 3470
235 243 299 277 296
923 241 1060 275 ANNO
1089 240 1171 274 1517

232 352 392 385 diuersis
409 351 501 384 locis
519 352 556 384 et
573 351 740 384 tabernis
756 351 968 393 jnhonestis
981 351 1168 384 diabolico
1186 352 1323 394 spiritu
1340 353 1465 386 motus
1478 353 1574 386 dixit
1589 354 1628 387 et
1644 353 1805 396 protulit
1828 354 1868 388 et

233 407 444 440 nominauit
461 406 632 439 dominos
649 407 834 439 decanum
851 407 889 439 et
915 406 1123 448 capitulum
1148 406 1248 441 dicte
1272 407 1432 441 ecclesie
1456 404 1707 442 Tornacensis
1724 417 1870 442 necnon

234 463 439 505 burgenses
464 462 502 494 et
517 461 758 504 legislatores
775 460 886 494 huius
901 461 1069 494 ciuitatis
1086 471 1161 495 non
1189 471 1271 496 esse
1288 463 1433 503 fideles,
1447 463 1585 506 gallice
1603 473 1611 496 ε
1640 462 1692 497 les
1707 462 1870 497 chamno-

234 527 298 551 nes
314 516 359 549 de
375 516 413 549 la
428 515 524 557 ville,
537 526 613 560 par
636 515 669 550 Ze
684 521 783 549 mort
798 516 908 558 Dz‘eu,
927 516 984 558 jlz
998 521 1082 549 sont
1106 521 1189 551 tous
1212 516 1399 558 trahitres,
1425 523 1459 551 et
1489 518 1540 552 les
1560 528 1822 562 qouuerneurs
1839 523 1874 552 et

231 571 282 606 les
309 572 480 615 bom‘yois
507 581 621 615 azcssy
646 576 679 605 et
713 571 764 605 les
779 581 944 605 manans
982 576 1186 614 mentam,
1215 573 1273 606 vel
1301 574 1342 615 J‘n
1374 574 1512 607 effectu
1542 574 1683 608 similia
1709 583 1779 617 per
1801 574 1874 608 hoc

233 629 375 660 crimen
412 627 556 662 heresis
581 627 767 669 sapientia
795 636 836 660 se
852 627 1052 670 dirigendo
1085 629 1124 661 et
1155 628 1388 671 blasphemie
1413 630 1681 663 committendo
1717 631 1757 663 et
1779 629 1873 664 alias

235 683 460 726 grauissime
478 683 732 724 delinquendo
747 693 756 724 ς

275 739 372 772 Hinc
389 740 447 771 cst
470 739 569 780 quod
584 738 631 771 ad
652 738 972 780 supplicationem
997 738 1088 772 dicti
1121 739 1252 773 clerici
1281 739 1498 782 prisionarij
1523 740 1643 773 nostri
1667 748 1781 783 super
1804 740 1876 774 hoc

231 794 339 827 nobis
351 795 490 827 factam
502 794 608 826 vobis
621 795 660 827 et
676 795 843 827 vestrum
857 793 1016 828 cuilibet
1034 795 1168 828 tenore
1185 796 1420 837 presentium
1436 796 1671 836 mandamus,
1690 797 1876 838 quatenus

231 850 370 888 statim,
407 849 495 882 visis
530 849 782 891 presentibus,
815 849 1042 883 accedentes
1070 850 1136 883 ubi
1165 851 1324 892 propter
1347 850 1420 883 hoc
1450 852 1569 885 fuerit
1604 852 1874 893 accedendum,

232 905 416 947 premissa
432 904 558 937 omnia
571 906 609 938 et
625 905 777 948 singula
789 905 1066 947 prenominatis
1083 906 1288 947 prepositis
1301 907 1340 939 et
1354 906 1490 948 J'uratis
1504 915 1547 939 ac
1563 906 1875 949 procuratoribus

231 960 342 993 huius
360 960 525 993 ciuitatis
550 968 697 993 necnon
714 960 914 993 antedictis
940 961 1102 993 dominis
1129 961 1271 994 decano
1301 962 1340 994 et
1356 961 1522 1003 capitulo
1548 961 1709 995 ecclesie
1734 962 1876 996 Torna-

232 1016 353 1049 censis
367 1016 405 1048 et
418 1015 590 1048 omnibus
608 1015 704 1057 alijs,
724 1016 771 1048 de
791 1015 926 1058 quibus
956 1025 1049 1058 opus
1078 1016 1152 1049 erit
1185 1017 1223 1049 et
1247 1016 1398 1049 fueritis
1424 1017 1600 1058 requisiti
1617 1025 1684 1050 seu
1708 1017 1877 1051 vestrum

232 1071 329 1104 alter
352 1071 469 1104 fuerit
484 1071 701 1112 requisitus,
719 1071 919 1112 jntimetis,
939 1071 1157 1112 notificetis,
1175 1072 1400 1115 significetis
1414 1073 1452 1105 et
1465 1072 1667 1105 insinuetis
1681 1081 1822 1114 eosque
1834 1073 1875 1106 et

232 1135 363 1160 eorum
381 1125 589 1168 quemlibet
612 1127 690 1159 tam
707 1127 921 1159 connectim
946 1135 1058 1168 quam
1083 1127 1249 1167 diuisim,
1268 1128 1402 1160 contra
1419 1127 1562 1160 dictum
1586 1127 1768 1161 clericum
1799 1128 1876 1170 pri-

232 1181 440 1215 sionarium
453 1182 624 1214 nostrum
641 1182 766 1215 citetis
785 1191 851 1215 seu
866 1182 1033 1215 vestrum
1052 1181 1150 1215 alter
1166 1182 1259 1215 citet
1282 1182 1539 1225 peremptorie
1558 1191 1686 1216 coram
1703 1183 1811 1216 nobis
1829 1183 1876 1216 ad

235 1237 371 1270 feriam
395 1236 597 1270 secundam
627 1237 668 1278 jn
696 1236 825 1280 vigilio
855 1237 1066 1270 natiuitatis
1092 1238 1202 1271 beate
1219 1237 1339 1271 Marie
1356 1246 1476 1280 prope
1499 1239 1657 1271 venturo
1673 1238 1741 1271 sub
1758 1238 1882 1280 prima

235 1294 274 1325 et
286 1292 333 1325 ad
345 1292 481 1325 feriam
495 1293 668 1333 quartam
682 1293 750 1325 sub
764 1293 929 1326 secunda
943 1293 1040 1326 etad
1054 1293 1252 1326 sabbatum
1265 1293 1412 1335 precise
1427 1294 1647 1335 jmmediate
1661 1294 1882 1335 sequentem

235 1348 303 1380 sub
328 1347 447 1380 tercia
470 1347 716 1380 dilationibus
745 1350 784 1381 et
806 1349 846 1390 Jn
864 1347 1037 1391 generali
1056 1357 1186 1381 omncs
1202 1348 1290 1390 jllos
1305 1349 1343 1382 et
1366 1348 1467 1390 jllas,
1493 1349 1558 1390 qui
1581 1349 1641 1382 vel
1659 1357 1732 1390 que
1749 1350 1884 1382 contra

236 1403 377 1436 dictum
405 1402 586 1435 clericum
603 1403 875 1445 prisionarium
899 1405 1073 1436 nostrum
1091 1404 1287 1445 quitquam
1312 1404 1455 1445 (licere,
1479 1413 1694 1446 proponere
1717 1404 1776 1437 vel
1793 1403 1883 1437 alle·

235 1468 327 1502 gare
355 1458 557 1498 voluerint,
575 1458 614 1490 id
631 1458 813 1501 dicturos,
827 1459 1091 1501 proposituros
1109 1460 1147 1492 et
1163 1459 1398 1502 allegaturos
1426 1468 1495 1501 per
1508 1460 1662 1492 modum
1678 1459 1880 1493 denuncia-

236 1515 349 1548 tionis
367 1513 647 1548 accusationem
667 1514 733 1546 aut
750 1522 790 1547 se
807 1515 956 1556 partem
969 1515 1144 1548 faciendo
1163 1514 1221 1547 vel
1240 1514 1335 1547 alias
1353 1524 1440 1547 cum
1455 1514 1697 1548 intimatione
1709 1514 1778 1548 tali
1792 1525 1802 1557 3

281 1567 387 1606 Quod
400 1569 481 1601 siue
498 1569 591 1601 dicti
608 1569 714 1602 citati
731 1569 912 1611 predictis
931 1569 1064 1603 diebus
1083 1569 1141 1603 vel
1155 1578 1289 1603 eorum
1306 1570 1612 1612 expeditionibus
1629 1579 1758 1603 coram
1774 1570 1884 1603 nobis

237 1625 520 1666 comparuerint
537 1625 724 1667 premissa
736 1625 876 1658 facturi
894 1625 975 1659 siue
989 1635 1078 1666 non,
1093 1635 1162 1658 nos
1179 1624 1449 1659 nichilominus
1466 1626 1513 1659 ad
1530 1626 1884 1660 condemnationem

239 1681 319 1714 siue
336 1681 613 1714 absolutionem
627 1681 718 1713 dicti
733 1681 864 1714 clerici
876 1681 1093 1723 prisionarij
1110 1682 1231 1714 nostri
1249 1690 1315 1715 seu
1333 1680 1426 1715 alias
1439 1681 1688 1724 procedemus
1701 1681 1762 1715 via
1773 1681 1883 1724 juris,

238 1735 445 1778 jnhibendo
463 1735 732 1769 nichilominus
748 1737 977 1770 auctoritate
995 1738 1126 1770 nostra
1142 1737 1254 1770 dictis
1268 1738 1392 1770 citatis
1410 1738 1448 1771 et
1464 1737 1561 1780 31135,
1576 1738 1623 1771 de
1639 1738 1774 1780 quibus
1791 1747 1885 1781 opus

237 1792 366 1832 fuerit,
396 1792 463 1824 sub
495 1801 594 1833 pena
617 1792 1021 1825 excommunicationis
1051 1793 1231 1835 omnique
1263 1792 1338 1826 alia
1376 1802 1476 1835 pena
1504 1794 1688 1827 canonica
1715 1802 1758 1827 ac
1785 1803 1885 1836 pena

241 1848 391 1880 centum
405 1847 645 1880 marcharum
663 1847 727 1890 finj
744 1848 895 1890 argenti
913 1847 1018 1881 curie
1036 1848 1282 1889 Tornacensi,
1298 1849 1329 1881 si
1343 1849 1545 1882 commissa
1560 1849 1678 1882 fuerit
1694 1849 1886 1892 applican-

239 1903 371 1935 darum
395 1904 434 1935 et
459 1903 499 1944 jn
523 1903 606 1944 pios
630 1912 720 1936 usus
737 1903 1030 1945 erogandarum,
1051 1913 1098 1936 ne
1116 1904 1249 1937 dicbus
1278 1904 1472 1937 citationis
1489 1903 1720 1944 huiusmodi,
1739 1904 1885 1947 jnhibi-

240 1958 355 1997 tione,
385 1958 466 1997 lite,
492 1967 605 1991 causa
633 1967 699 1991 seu
726 1967 907 2000 processu
939 1968 1068 1992 coram
1096 1959 1205 1992 nobis
1238 1959 1506 2001 pendentibus,
1523 1960 1718 2001 jndecisis‚
1742 1959 1886 2001 aliquid

242 2014 374 2046 contra
401 2014 542 2046 (lictum
574 2013 845 2055 prisionarium
871 2015 1057 2046 nostrum
1097 2023 1163 2048 seu
1202 2015 1302 2048 bona
1334 2024 1402 2048 sua
1439 2016 1640 2057 jnnouent‚
1670 2015 1886 2057 J’mmutent,

243 2068 481 2110 attemptent,
499 2068 679 2108 statuant,
697 2067 881 2110 judicent,
896 2068 1103 2102 decernant
1125 2070 1166 2112 jn
1184 2069 1358 2111 aliquove
1382 2070 1592 2112 procedant
1607 2079 1674 2103 seu
1691 2070 1887 2112 quitquam

242 2124 345 2157 aliud
361 2125 502 2157 faciant
515 2125 580 2157 aut
596 2125 680 2158 fieri
703 2126 922 2166 procurent,
941 2125 1042 2166 quod
1054 2125 1104 2157 sit
1120 2124 1282 2168 autjesse
1306 2126 1425 2167 possit
1447 2127 1488 2167 jn
1513 2126 1642 2159 nostre
1658 2125 1887 2168 jurisdictio-

244 2180 302 2212 nis
319 2181 358 2213 et
373 2180 561 2213 libertatis
589 2179 845 2213 ecclesiastice
858 2180 1110 2222 preiudicium
1134 2181 1404 2223 priuilegiJ'que
1429 2180 1616 2214 clericalis
1640 2180 1887 2223 vilipendium

242 2236 280 2268 et
303 2235 395 2267 dicti
422 2235 550 2277 clericj
569 2236 787 2276 dampnum,
811 2235 1006 2277 J'niuriam,
1036 2236 1199 2269 dedecus
1224 2237 1262 2269 et
1286 2245 1508 2279 grauamen,
1544 2236 1652 2269 nobis
1684 2236 1775 2277 quid
1797 2236 1887 2278 jnde

241 2290 383 2323 factum
417 2290 535 2323 fuerit
561 2299 723 2324 unacum
745 2291 992 2333 responsione
1024 2291 1212 2324 dictorum
1244 2292 1450 2325 citatorum
1490 2291 1658 2325 fideliter
1693 2292 1732 2325 et
1762 2290 1888 2325 lucide

246 2345 503 2379 rescribendo.

291 2401 429 2434 Datum
446 2410 544 2434 anno
570 2402 729 2435 Domini
751 2402 954 2436 millesimo
974 2402 1280 2446 quingentesimo
1305 2403 1452 2437 decimo
1469 2403 1642 2445 septimo,
1660 2403 1759 2437 feria
1782 2402 1890 2437 sexta

244 2457 330 2499 post
341 2458 480 2490 festum
498 2456 761 2491 decollationis
776 2458 898 2491 sancti
914 2458 937 2492 J
941 2457 1102 2491 ohannis
1120 2458 1304 2501 Baptiste.
1323 2458 1382 2493 Sic
1397 2459 1590 2502 siynatum
1606 2468 1614 2492 :
1641 2457 1886 2494 Wardauoir.

818 2541 962 2578 Relatio
989 2552 1075 2577 vero
1099 2545 1319 2578 eoeecutoris.

290 2615 472 2648 Executio
508 2616 609 2649 facta
642 2616 701 2649 est
733 2624 802 2658 per
834 2625 895 2649 me
934 2616 1129 2650 dominum
1160 2617 1405 2650 Franciscum
1430 2617 1668 2657 Troissoubz,
1698 2616 1885 2651 decanum

249 2670 570 2711 Helchiniensem,
588 2671 643 2713 jta
657 2672 700 2704 ut
716 2671 932 2704 continetur
953 2673 994 2714 J'n
1013 2671 1112 2711 albo,
1138 2672 1199 2705 dic
1225 2673 1357 2714 quinta
1372 2672 1513 2705 mensis
1531 2672 1764 2714 Septembris
1789 2682 1887 2706 anno

251 2725 402 2758 Domini
429 2726 630 2759 millesimo
660 2727 963 2769 quingentesimo
992 2727 1138 2760 decimo
1167 2728 1340 2770 septimo,
1367 2728 1463 2761 teste
1479 2736 1563 2761 meo
1588 2727 1755 2772 manuali
1779 2728 1888 2771 signo

252 2779 314 2812 hic
341 2782 524 2823 apposito.
550 2781 607 2815 Sic
632 2781 847 2825 siynatum:
878 2782 919 2815 F.
952 2782 1191 2816 Troissoubz.

297 2835 456 2870 Collatio
484 2837 586 2870 facta
602 2838 659 2870 cst
675 2846 760 2870 cum
789 2837 968 2881 originali
996 2839 1035 2872 et
1062 2837 1266 2872 concordat
1291 2847 1361 2881 per
1387 2846 1448 2872 me
1463 2838 1649 2873 Jacobum
1673 2839 1719 2873 de
1744 2839 1889 2873 Palude

255 2892 455 2925 notarium.
483 2892 542 2926 Ja.
571 2892 728 2926 Palude.

603 2969 805 3004 Nationale
831 2969 1076 3006 Bibliotheek
1098 2971 1136 3006 te
1153 2971 1290 3014 Pariis,
1304 2970 1379 3005 HS.
1403 2968 1533 3005 Fonds
1547 2969 1715 3015 fflancais
1730 2975 1770 3004 11¹·
1783 2967 1886 3012 9009,

643 3024 710 3058 sol.
736 3025 751 3057 1
778 3034 826 3060 en
849 3034 973 3062 verso,
