2050 3470
300 302 364 336 170
992 297 1128 332 ANNO
1155 298 1238 333 1397

341 413 397 447 Ex
415 412 536 445 tribus
552 410 685 452 medijs
701 408 877 443 videntur
892 408 956 442 isti
972 407 1070 442 velle
1087 409 1292 451 procedere
1309 409 1441 442 contra
1457 408 1549 442 istos
1565 417 1764 452 pauperes.

340 468 468 501 Primo
483 467 521 499 et
536 464 800 508 principaliter
815 474 861 498 ex
878 464 1001 507 prima
1017 464 1290 507 extrauagante
1308 463 1443 497 Sancta
1458 463 1644 504 Romana,
1663 469 1701 498 et
1724 465 1782 498 est
1807 465 1918 499 fortis

294 522 462 557 Achilles
491 530 622 555 eorum
641 532 649 563 ;
677 521 742 554 sed
767 520 903 554 frivole
921 520 1103 553 inducunt
1131 520 1226 553 illud
1243 520 1289 554 ad
1305 520 1552 562 propositum,
1577 520 1699 563 primo
1717 520 1806 562 quia
1818 519 1922 553 nullo

295 578 404 611 modo
421 577 597 610 videntur
613 584 694 609 esse
712 577 932 608 executores
950 574 1052 607 illius
1077 575 1246 617 capituli,
1265 576 1364 617 quia,
1383 576 1421 608 et
1437 576 1517 608 esto
1535 575 1632 617 quod
1647 575 1764 608 status
1781 575 1922 608 ibidem

294 632 504 673 descriptus
528 631 811 672 reprobaretur,
844 639 919 662 non
943 631 1069 663 tamen
1099 630 1325 672 reprobatur
1352 631 1394 663 ut
1420 629 1643 670 hereticum,
1676 629 1799 663 solent
1825 629 1921 663 illud

294 687 507 728 exprimere
524 686 606 718 fore
622 684 844 723 hereticum,
863 685 905 716 ut
931 685 1036 726 patet
1059 685 1104 717 de
1134 693 1279 717 summa
1301 684 1471 718 trinitate
1500 685 1537 717 et
1564 684 1637 717 fide
1661 683 1850 716 catholica
1879 683 1919 716 in

293 741 457 782 antiquis
474 740 513 774 li.
539 741 603 782 ij,
621 740 715 781 jtem
738 739 776 771 in
802 738 1045 772 Clementinis
1069 740 1115 772 de
1131 738 1309 772 hereticis
1326 748 1358 772 c.
1375 737 1436 771 Ad
1465 743 1636 772 nostrum
1661 740 1700 772 et
1722 747 1791 781 per
1806 738 1918 781 plura

292 795 457 838 capitula
469 795 682 828 inducendi.
702 795 876 828 Prescise
893 795 1020 827 autem
1038 795 1139 828 circa
1156 794 1321 827 heresim
1342 794 1581 827 manifestam
1604 794 1775 827 versatur
1790 801 1921 828 eorum

291 853 469 892 officium,
493 853 535 884 ut
558 852 662 893 patet
693 851 738 885 de
763 851 943 885 hereticis
959 851 998 884 li.
1018 852 1068 894 vj.
1094 861 1126 884 c.
1157 852 1363 885 Accusatus
1394 852 1417 892 ἓ
1433 850 1541 884 Sane.
1569 851 1740 885 Secundo
1764 851 1919 891 sorcius,

290 908 379 950 quia
395 908 535 940 ibidem
551 907 779 949 reprobatur
795 908 920 940 certus
936 907 1054 940 status
1074 916 1120 940 ex
1145 907 1259 940 certis
1283 907 1581 948 circumstancijS
1603 906 1745 939 ibidem
1768 914 1918 948 expres-

289 964 354 1004 sis,
371 964 477 996 cuius
493 963 611 995 status
635 962 675 995 in
691 963 814 995 forma
830 962 1020 995 notorium
1037 963 1093 995 est
1108 962 1201 995 istos
1217 971 1292 995 non
1309 970 1404 1001 esse,
1424 971 1509 995 cum
1526 961 1655 1005 plures
1673 962 1711 995 et
1726 961 1919 1004 principa-

288 1018 344 1052 les
372 1017 659 1051 circumstancie
691 1016 794 1050 illius
821 1018 940 1051 status
967 1017 1049 1050 istis
1081 1016 1227 1058 desunt,
1249 1017 1346 1050 sieut
1369 1016 1511 1050 habere
1541 1017 1756 1060 superiores
1778 1016 1920 1050 ibidem

288 1074 513 1112 nominatos,
537 1071 754 1114 collegium,
771 1071 958 1115 regulam,
982 1071 1153 1105 habitum
1180 1080 1279 1105 noue
1312 1071 1524 1114 religionis,
1558 1072 1657 1113 etc.;
1684 1079 1770 1104 cum
1791 1071 1919 1105 tamen

287 1129 478 1162 sufficeret
493 1136 608 1160 unam
636 1127 779 1167 deesse,
805 1129 847 1160 ut
874 1137 948 1160 non
973 1128 1226 1170 arguerentur
1252 1126 1355 1160 illius
1372 1127 1490 1160 status
1513 1135 1582 1169 per
1608 1126 1874 1169 argumentum
1896 1135 1920 1160 a

287 1185 394 1226 parte
408 1182 588 1226 integrali
605 1182 651 1215 ad
665 1191 774 1215 suum
789 1183 922 1215 totum.
941 1182 1014 1216 Sed
1030 1181 1232 1216 cauillatur
1245 1181 1306 1215 hic
1317 1183 1362 1215 ab
1377 1182 1444 1222 eis,
1463 1182 1562 1223 quod
1575 1182 1745 1223 quamuis
1757 1181 1828 1214 iste
1843 1190 1918 1214 non

286 1238 539 1279 reprobentur
554 1245 730 1279 expresse
747 1237 785 1270 et
800 1237 840 1269 in
855 1237 989 1277 forma,
1015 1237 1141 1270 tamen
1157 1236 1350 1279 arguendo
1368 1246 1390 1270 a
1406 1236 1534 1277 simili,
1553 1245 1637 1269 cum
1661 1237 1708 1270 de
1731 1235 1919 1269 similibus

286 1293 386 1326 idem
411 1293 459 1325 sit
475 1292 671 1332 iudicium,
689 1292 865 1325 videntur
880 1292 944 1325 isti
962 1292 1173 1334 reprobari.
1190 1292 1262 1326 Sed
1274 1291 1375 1325 istud
1390 1301 1465 1325 non
1480 1291 1593 1334 valet,
1609 1291 1697 1333 quia
1711 1291 1751 1324 in
1767 1291 1918 1334 penosis

287 1357 361 1381 non
379 1349 435 1381 est
459 1347 695 1390 arguendum
709 1347 754 1379 ad
772 1347 924 1387 similia,
943 1355 1029 1380 cum
1044 1356 1141 1389 pene
1158 1347 1396 1390 restrigende
1413 1347 1500 1380 sint.
1518 1346 1619 1380 Illud
1634 1348 1760 1380 tamen
1776 1347 1918 1389 capitu-

286 1403 365 1436 lum
388 1402 523 1445 penale
537 1404 593 1436 est
616 1405 654 1436 et
678 1403 762 1436 ideo
781 1412 854 1436 non
870 1403 1021 1436 videtur
1036 1403 1332 1445 prorogandum,
1351 1402 1416 1436 sed
1443 1403 1573 1436 stricte
1596 1402 1635 1434 in
1650 1403 1727 1435 suis
1744 1402 1916 1435 terminis

286 1459 503 1498 arcendum,
522 1458 560 1491 et
576 1457 647 1491 hoc
674 1467 851 1501 expresse
876 1458 968 1491 dicit
985 1457 1061 1501 glo.
1089 1457 1285 1498 Gesselmi,
1304 1466 1376 1500 que
1400 1458 1457 1491 est
1484 1457 1677 1491 ordinaria
1695 1455 1735 1490 in
1750 1457 1915 1500 capitulo

283 1513 363 1547 illo.
394 1514 502 1547 Unde
525 1522 639 1556 super
654 1514 768 1547 verbo
795 1514 1010 1556 supradicto
1039 1513 1143 1554 dicit,
1169 1514 1267 1555 quod
1294 1514 1426 1547 contra
1441 1511 1528 1545 illos
1545 1512 1697 1546 habitus
1721 1512 1784 1546 uel
1800 1513 1916 1546 ritum

283 1570 449 1610 viuendi,
461 1578 559 1612 pena
575 1578 734 1611 sequens
751 1579 825 1603 non
841 1569 991 1602 videtur
1007 1569 1079 1602 sibi
1095 1569 1220 1602 locum
1243 1568 1446 1608 vindicare,
1465 1568 1565 1610 quia,
1583 1568 1615 1601 si
1631 1568 1678 1601 de
1691 1567 1774 1610 aliJ's
1791 1567 1916 1601 condi-

282 1629 343 1661 tor
359 1628 512 1662 canonis
529 1627 630 1661 idem
645 1626 839 1668 voluisset,
864 1624 937 1659 hoc
963 1625 1096 1667 utique
1123 1625 1384 1668 expressisset.
1408 1625 1473 1658 Ar.
1503 1625 1623 1658 extra.
1639 1625 1686 1658 de
1709 1624 1865 1659 decimis
1880 1634 1913 1658 c.

283 1682 344 1717 Ad
356 1682 609 1717 audient-iam.

328 1739 498 1773 Secundo
516 1739 554 1771 et
568 1736 831 1781 principaliter
847 1736 1020 1770 nituntur
1035 1736 1126 1769 istos
1144 1736 1349 1778 reprobare
1366 1736 1485 1770 extra.
1500 1745 1533 1770 e.
1553 1746 1584 1769 c.
1603 1734 1663 1769 Ad
1675 1739 1847 1769 nostrum
1867 1735 1914 1778 (1)

281 1796 321 1828 in
339 1794 610 1835 Clementinis;
640 1792 811 1827 sedillud
826 1802 899 1825 non
912 1791 1024 1832 valet,
1043 1791 1132 1833 quia
1158 1791 1217 1824 illi
1245 1791 1508 1834 condempnati
1536 1791 1626 1825 satis
1650 1791 1752 1825 clare
1776 1791 1914 1825 descri-

282 1851 421 1883 buntur
437 1849 578 1882 ibidem
595 1857 641 1882 ex
658 1849 771 1882 certis
786 1846 956 1881 articulis
973 1847 1026 1879 ibi
1051 1847 1250 1888 expressis,
1271 1855 1317 1880 ex
1334 1847 1468 1889 quibus
1485 1847 1548 1880 isti
1560 1847 1673 1887 facto,
1697 1847 1811 1887 fama,
1829 1855 1913 1889 pre-

281 1905 512 1948 sumpcione,
531 1904 744 1947 suspicione
762 1912 911 1945 semper
927 1903 1081 1935 fuerunt
1097 1902 1297 1935 immunes.
1313 1902 1361 1936 Et
1378 1902 1409 1935 si
1425 1903 1489 1935 isti
1504 1902 1686 1935 vocentur
1703 1901 1911 1944 Begherdi,

281 1960 352 1993 hoc
369 1970 443 1993 non
467 1960 589 2000 nocet,
609 1960 698 2001 quia
721 1958 803 1991 sola
829 1957 1042 1991 nominacio
1070 1966 1145 1990 non
1163 1957 1302 1990 sufficit
1329 1957 1376 1990 ad
1400 1957 1795 1999 condempnacionem,
1823 1956 1913 1999 quia

280 2024 369 2058 sepe
399 2015 619 2048 innocentes
652 2015 692 2047 in
708 2000 818 2046 ‘falso
843 2013 1001 2046 crimine
1025 2012 1281 2052 nominantur,
1306 2012 1345 2054 ij.
1366 2021 1400 2054 q.
1431 2012 1456 2045 i.
1477 2010 1596 2052 Multi,
1616 2013 1675 2045 etc
1690 2022 1699 2054 3
1717 2020 1787 2045 nec
1803 2020 1912 2045 error

281 2071 443 2104 nominis
461 2071 583 2111 nocet,
609 2069 809 2103 dummodo
833 2069 880 2102 de
896 2077 1054 2111 corpore
1072 2068 1229 2108 constet,
1247 2069 1285 2101 et
1301 2067 1388 2110 jura
1402 2068 1527 2109 rebuS,
1541 2077 1616 2101 non
1627 2067 1752 2102 verbis
1767 2068 1911 2110 imponi

280 2127 430 2160 debent.

323 2182 458 2215 Tercio
485 2190 531 2215 ex
557 2180 660 2214 bulla
675 2191 683 2223 ς
713 2179 778 2213 sed
805 2179 878 2212 ista
905 2178 1010 2212 bulla
1041 2188 1116 2212 non
1145 2178 1296 2212 videtur
1325 2187 1407 2212 esse
1442 2179 1515 2212 nisi
1544 2178 1764 2212 executoria
1793 2188 1825 2212 c.
1850 2177 1911 2212 Ad

278 2241 462 2278 nostrum,
479 2238 523 2270 ut
545 2237 648 2279 patet
665 2244 711 2268 ex
734 2236 858 2268 forma
874 2233 978 2268 bulle
1003 2235 1041 2267 et
1057 2234 1146 2276 quia
1162 2232 1368 2277 capitulum
1384 2233 1479 2267 illud
1502 2243 1576 2267 non
1599 2233 1723 2277 tangit
1738 2233 1825 2266 illos
1841 2243 1911 2268 nec

278 2291 393 2332 bulla,
419 2293 457 2325 et
473 2292 569 2325 bene
585 2291 705 2333 possit
722 2290 850 2323 induci
875 2290 921 2322 ad
938 2289 1184 2331 propositum,
1218 2290 1332 2331 prout
1363 2290 1520 2332 apparet
1543 2289 1582 2322 in
1599 2289 1722 2331 prima
1737 2289 1909 2322 extraua-

278 2346 392 2387 gante
416 2344 529 2378 Recta
544 2344 658 2384 racio,
686 2343 776 2384 quia
791 2342 942 2375 videtur
957 2341 1117 2375 multum
1140 2342 1267 2375 facere
1284 2341 1330 2374 ad
1346 2342 1592 2384 propositum,
1621 2350 1745 2384 ymmo
1762 2341 1911 2374 videtur

278 2409 360 2433 esse
377 2400 483 2441 quasi
500 2409 608 2433 casus
631 2408 700 2441 pro
725 2398 808 2431 istis
837 2399 970 2431 contra
990 2397 1145 2430 bullam.
1181 2397 1346 2431 Maxime
1373 2398 1548 2431 videntur
1574 2398 1638 2431 isti
1661 2398 1910 2441 calumpniari

277 2464 513 2488 communem
535 2455 703 2496 victum3
728 2454 794 2486 sed
818 2452 890 2486 hoc
916 2462 991 2485 non
1021 2452 1121 2485 cadit
1137 2452 1176 2485 in
1208 2461 1339 2486 eorum
1364 2453 1542 2493 officium,
1562 2453 1650 2495 quia
1675 2453 1747 2486 hoc
1762 2463 1837 2486 non
1853 2454 1911 2487 est

275 2510 497 2550 hereticum,
524 2518 649 2552 ymmo
666 2509 787 2552 magis
806 2508 1045 2541 meritorium
1062 2508 1100 2541 et
1112 2507 1260 2541 licitum
1278 2507 1412 2541 solutis
1436 2516 1458 2541 a
1473 2507 1622 2541 vinculo
1639 2506 1837 2550 religionis
1853 2508 1908 2541 sic

274 2566 413 2605 vivere,
427 2565 515 2607 quia
527 2565 581 2597 sic
596 2565 776 2598 viuebant
791 2563 923 2596 fideles
939 2563 978 2596 in
995 2563 1189 2605 primitiua
1202 2562 1374 2603 ecclesia,
1392 2563 1435 2596 ut
1450 2563 1554 2605 patet
1568 2563 1730 2596 Actuum
1747 2563 1903 2604 quarto:

276 2621 427 2661 Omnes,
446 2621 510 2662 qui
526 2620 743 2659 credebant,
763 2619 870 2652 erant
882 2619 1027 2661 pariter
1043 2619 1195 2660 accepto
1213 2618 1351 2660 spiritu
1376 2619 1504 2651 sancto
1521 2619 1559 2651 et
1575 2617 1764 2652 habebant
1779 2618 1906 2651 omnia

275 2676 499 2708 communia.
526 2675 574 2708 Et
594 2674 795 2717 distinguit
818 2673 945 2716 glossa
961 2673 1210 2707 interliniaris
1226 2673 1379 2713 ibidem,
1409 2673 1508 2714 quod
1526 2672 1642 2706 nichil
1658 2672 1799 2706 habere
1813 2682 1904 2715 pro-

275 2731 400 2772 prium
415 2732 579 2764 fratrum
600 2730 740 2763 amoris
766 2730 822 2762 est
837 2728 1033 2762 indicium.
1065 2729 1272 2762 Fraternus
1291 2736 1396 2761 amor
1422 2728 1629 2761 communis
1645 2729 1703 2762 est
1718 2728 1904 2762 omnibus·
1921 2765 1924 2768 ,

273 2785 371 2818 Item
387 2787 536 2819 sanctus
554 2785 726 2819 Clemens
750 2785 894 2827 primus
911 2784 951 2817 in
968 2783 1129 2826 epistola
1152 2784 1229 2825 iiija
1259 2785 1296 2816 et
1312 2783 1514 2825 posteriori
1540 2783 1588 2825 xij
1607 2792 1642 2825 q.
1659 2783 1690 2816 1.
1708 2781 1903 2816 Dilectissi-

273 2841 344 2873 mis
368 2841 421 2873 sie
438 2841 561 2881 inquit
579 2850 586 2873 :
607 2840 823 2873 Communis
836 2839 914 2872 vita
934 2839 1107 2871 omnibus
1124 2840 1180 2871 est
1196 2838 1406 2872 necessaria
1420 2839 1558 2871 fratres
1582 2837 1657 2880 (sic)
1680 2839 1718 2871 et
1739 2838 1902 2872 maxime

275 2895 359 2937 hijs,
385 2897 448 2938 qui
466 2897 544 2930 Deo
572 2894 963 2937 irreprehensibiliter
985 2893 1154 2927 militare
1170 2894 1337 2936 cupiunt,
1353 2894 1439 2935 etc.,
1457 2894 1499 2926 ut
1514 2894 1619 2936 patet
1633 2893 1785 2926 ibidem.
1804 2893 1900 2927 Item

317 3012 362 3054 (l)
386 3012 450 3047 Zie
468 3011 621 3058 Corpus,
646 3011 729 3047 deel
747 3012 778 3055 Ι,
805 3011 876 3047 blz.
896 3012 972 3048 168.
