2050 3470
283 250 348 284 400
971 249 1108 283 ANNO
1134 249 1219 282 1419

284 361 436 403 quendi,
462 359 554 393 duas
579 359 786 393 successive
811 358 1116 392 commissionum
1140 360 1218 393 sive
1249 359 1591 402 suppplicationum
1609 360 1772 402 eec1u1as,
1798 370 1910 395 reco-

281 416 391 449 lende
410 415 593 448 memorie
610 414 799 456 quondam
816 414 971 448 zelatori
984 415 1074 448 fidei
1090 416 1366 449 ferventissimo
1390 415 1553 459 Angelo,
1578 415 1679 449 tituli
1696 417 1911 450 sanctorum

282 471 389 504 Petri
416 471 453 504 et
469 469 683 505 Marcellini
707 470 923 510 cardinaliS,
952 470 1179 504 Veronensis
1206 470 1417 513 vulgariter
1441 472 1668 514 nuncupato,
1698 481 1766 514 per
1788 472 1912 505 certos

279 535 366 559 suos
400 535 574 559 cursores
599 525 807 558 successive
832 525 1046 567 presentari
1069 525 1172 566 fecit,
1198 534 1356 567 quarum
1380 526 1499 568 prime
1523 527 1633 560 tenor
1656 527 1702 560 de
1725 527 1839 560 verbo
1864 527 1911 560 ad

278 578 435 612 verbum
451 579 622 620 sequitur
638 579 676 611 et
692 578 749 611 est
765 577 850 611 talis
869 587 877 610 ε

324 647 339 664 «
357 633 581 667 Beat-issime
597 634 716 675 pater.
737 633 951 675 Exponitur
967 633 1158 667 sanctitati
1173 634 1298 666 vestre
1322 642 1368 667 ex
1385 634 1492 676 parte
1510 634 1624 667 vestri
1648 634 1773 668 devoti
1790 635 1910 668 orato-

281 689 347 729 ris,
386 689 517 722 fratris
542 688 686 722 Mathei
726 688 897 728 Grabow‚
936 689 1141 722 conventus
1175 688 1483 730 WysmariensiS,
1519 689 1712 731 provincie
1736 689 1908 727 Saxonie,

283 744 425 777 ordinis
464 744 757 786 predicatorum,
791 752 835 776 ac
861 743 1164 786 Razeburgensis
1200 743 1374 784 diocesis,
1411 744 1523 785 quod,
1564 744 1756 787 cumipse
1790 744 1911 778 lector
1957 785 1962 790 ¹

281 800 448 832 existens
471 800 510 832 in
535 799 721 831 conventu
746 798 1012 841 Groningensi‚
1041 799 1201 832 diocesis
1230 799 1495 839 Traiectensis,
1524 799 1623 832 dicte
1657 800 1849 841 provincie
1872 800 1911 832 et

280 854 436 895 ordinis,
462 854 609 887 videret
637 853 880 895 quamplures
904 861 1085 896 personas
1102 863 1213 887 sexus
1237 855 1445 896 utriusque,
1472 863 1567 888 nove
1583 854 1782 897 religionis
1805 853 1909 886 habi-

279 911 358 942 tum
399 910 632 943 assumentes
667 909 706 942 et
740 908 1001 942 conventicula
1039 910 1235 951 facientes,
1275 909 1419 942 nullum
1458 909 1628 943 habitum
1662 908 1910 951 approbatum

280 965 500 1006 profitentes
531 965 814 1005 statuentesque
848 964 919 996 sibi
953 965 1044 1006 ipsis
1069 965 1284 1006 superiores
1308 974 1376 1006 pro
1404 965 1512 998 libito
1540 964 1743 998 voluntatis
1775 965 1813 997 et
1840 965 1907 996 sub

278 1019 455 1052 simulata
481 1019 680 1052 devotione
718 1018 877 1061 populos
912 1019 1145 1053 attrahentes
1180 1021 1218 1053 et
1255 1019 1373 1052 multa
1408 1021 1539 1053 contra
1570 1020 1768 1052 veritatem
1803 1028 1908 1052 sacre

276 1075 463 1117 scripture
496 1075 534 1108 et
566 1083 692 1107 sacros
717 1083 879 1108 canones
908 1075 1174 1117 attemptantes
1202 1076 1239 1108 et
1274 1075 1320 1108 de
1347 1075 1563 1108 elemosinis
1599 1067 1913 1107 Christifidelium‘

275 1131 406 1163 domos
436 1130 673 1172 sumptuosas
697 1130 744 1162 ad
771 1130 923 1163 modum
958 1131 1274 1164 monasteriorum
1305 1129 1540 1172 regularium
1565 1130 1783 1163 edificantes
1807 1129 1845 1162 et
1868 1138 1907 1162 se

273 1185 434 1219 invicem
458 1185 497 1218 in
526 1185 581 1218 eis
619 1184 855 1218 includentes
894 1194 977 1229 cum
1013 1185 1271 1219 observatione
1307 1185 1541 1227 quorundam
1576 1185 1719 1218 rituum
1752 1184 1908 1217 minime

274 1250 342 1282 per
370 1240 569 1274 ecclesiam
593 1240 900 1282 approbatorum,
941 1241 1041 1283 cepit
1069 1250 1182 1283 super
1216 1240 1287 1273 hoc
1324 1241 1422 1283 apud
1459 1240 1705 1282 semetipsum
1730 1239 1908 1273 ardenter

276 1296 445 1338 cogitare
479 1296 529 1337 et,
554 1304 602 1328 an
629 1294 700 1327 hoc
728 1295 914 1328 stantibus
948 1294 1092 1338 regulis
1128 1295 1217 1329 fidei
1245 1296 1283 1328 et
1317 1295 1434 1328 sacris
1471 1295 1677 1327 canonibus
1708 1292 1908 1327 ecclesiam

278 1349 515 1383 dissimulare
540 1350 708 1390 deberet,
725 1349 997 1391 revolvensque
1021 1350 1243 1392 diligentius
1269 1359 1373 1383 sacre
1402 1349 1588 1391 scripture
1617 1349 1907 1389 sanctorumque

275 1406 468 1438 doctorum
487 1405 604 1438 libros
622 1406 660 1438 et
676 1414 802 1438 sacros
826 1414 1000 1443 canones,
1016 1406 1196 1446 quasdam
1213 1403 1473 1438 conclusiones
1489 1405 1737 1446 reprobantes
1752 1403 1907 1437 illorum

271 1462 420 1495 vivendi
436 1462 588 1494 modum
602 1460 767 1494 extraxit
784 1461 822 1494 et
838 1461 1024 1503 scripture
1042 1460 1317 1494 commendavit
1333 1461 1389 1502 (l).
1405 1460 1453 1493 Et
1469 1468 1583 1502 super
1594 1459 1672 1492 illis
1689 1460 1736 1493 ad
1752 1459 1905 1502 plenum

271 1516 316 1549 de
340 1516 493 1558 proprio
522 1516 676 1559 ingenio
705 1525 778 1548 non
807 1515 1000 1548 confidens
1022 1525 1109 1548 cum
1137 1515 1361 1557 quibusdam
1386 1514 1548 1548 literatis
1575 1514 1718 1557 pluries
1746 1513 1907 1547 contulit

270 1572 337 1604 sub
369 1572 529 1613 secreto,
555 1580 717 1612 quorum
755 1580 852 1603 unus
892 1571 1010 1604 dictas
1039 1570 1302 1604 conclusiones
1337 1579 1422 1603 cum
1454 1570 1531 1603 suis
1566 1570 1824 1612 probamentis
1859 1570 1905 1602 de

269 1636 420 1660 camera
457 1627 651 1660 cuiusdam
678 1625 835 1665 literati,
865 1626 926 1658 cui
962 1626 1174 1659 tradiderat
1211 1625 1493 1667 examinandas,
1526 1625 1666 1658 furtive
1696 1625 1823 1667 rapuit
1845 1625 1903 1666 (2).

270 1682 412 1720 Quibus
436 1682 687 1716 diversimode
711 1681 998 1714 communicatis
1026 1681 1218 1721 hincinde,
1252 1681 1475 1722 quibusdam
1507 1681 1621 1713 etiam
1649 1680 1905 1714 sacerdotibus

269 1737 501 1780 simplicibus
524 1738 827 1779 procurantibus,
861 1738 899 1770 et
937 1737 1047 1770 dictis
1083 1737 1254 1779 personis
1290 1736 1572 1776 adherentibus,
1606 1737 1685 1778 ipse
1715 1744 1905 1778 exponens

270 1802 339 1835 per
355 1793 588 1826 ordinarium
615 1792 660 1834 (3)
677 1792 750 1825 fuit
767 1793 806 1825 in
825 1801 938 1826 causa
954 1792 1043 1825 fidei
1061 1793 1107 1825 ad
1123 1792 1305 1825 iudicium
1323 1792 1479 1832 tractus,
1498 1792 1536 1824 et
1552 1792 1707 1834 propter
1723 1790 1905 1833 plurimas

270 1849 486 1882 vexationes
504 1850 575 1882 sibi
603 1848 728 1881 illatas
757 1857 826 1890 per
851 1848 975 1889 ipsum
1005 1848 1252 1887 ordinarium,
1283 1856 1374 1888 quas
1406 1847 1557 1888 quidem
1585 1848 1622 1879 et
1646 1846 1904 1879 conclusiones

268 1904 413 1946 pariter
436 1904 497 1937 hic
527 1904 667 1937 habere
686 1903 896 1946 dignemini
915 1912 983 1945 pro
1001 1903 1233 1936 sufficienter
1250 1903 1451 1944 expressis,
1476 1911 1551 1935 non
1568 1901 1695 1935 valens
1711 1911 1751 1935 se
1767 1902 1902 1943 ipsum,

269 1960 358 2000 quia
381 1960 420 1992 in
443 1959 511 1993 illa
546 1959 687 1992 diocesi
721 1958 870 1991 alienus
898 1959 994 1998 erat,
1018 1958 1223 1991 defendere
1250 1958 1290 1990 in
1314 1958 1395 2000 ipso
1420 1957 1572 1995 iudicio,
1609 1956 1903 1990 acclamantibus

270 2015 414 2048 cunctis
441 2015 481 2047 in
511 2015 680 2048 favorem
704 2014 894 2047 dictarum
919 2022 1169 2055 personarum
1188 2013 1311 2055 ipsum
1336 2021 1418 2046 esse
1441 2012 1664 2053 hereticum,
1688 2013 1735 2045 ad
1758 2012 1902 2045 iudices

270 2070 355 2103 fidei
380 2069 492 2103 huius
517 2070 614 2103 sacri
638 2068 831 2112 generalis
859 2068 1157 2102 Constantiensis
1180 2067 1332 2101 concilii
1348 2068 1526 2109 tanquam
1549 2067 1595 2101 ad
1612 2067 1902 2101 saluberrimum

269 2125 461 2168 refugium
484 2124 714 2158 fiducialiter
746 2133 950 2157 recurrens
978 2123 1148 2166 ipsorum
1172 2123 1312 2157 iudicio
1340 2124 1506 2165 prefatas
1531 2122 1790 2156 conclusiones
1817 2132 1902 2156 cum

269 2181 346 2212 suis
363 2181 647 2222 probationibus
665 2179 839 2212 submisit
855 2179 1116 2221 approbandas
1133 2180 1198 2212 aut
1213 2179 1482 2221 reprobandas,
1507 2179 1619 2221 prout
1642 2178 1697 2212 eis
1721 2179 1901 2220 expedire

269 2235 475 2277 videretur,
504 2244 589 2268 cum
613 2235 956 2278 protestationibus
980 2234 1186 2276 requisitis,
1212 2233 1355 2267 nullam
1378 2243 1425 2268 ex
1452 2233 1523 2267 hoc
1540 2234 1727 2267 actionem
1749 2242 1902 2267 movens

269 2291 401 2323 contra
427 2299 701 2332 quemcunque,
728 2299 839 2332 quem
863 2290 952 2323 licet
979 2290 1125 2332 partem
1143 2290 1359 2332 oppositam
1376 2298 1450 2322 non
1480 2289 1649 2330 haberet,
1678 2289 1805 2322 tamen
1833 2289 1901 2322 sub

268 2354 366 2386 pena
390 2346 550 2378 convicti
575 2346 614 2378 in
638 2345 721 2378 loco
739 2345 891 2378 concilii
916 2345 981 2385 sic,
1012 2345 1111 2386 quod
1137 2344 1304 2385 deberet,
1324 2354 1408 2378 cum
1434 2345 1634 2377 vocaretur
1660 2354 1787 2377 coram
1809 2345 1902 2386 ipsis

268 2402 520 2442 personaliter
543 2410 775 2445 comparere,
803 2401 922 2434 donec
949 2409 1065 2442 super
1080 2399 1157 2432 illis
1180 2401 1364 2433 maturius
1382 2399 1667 2441 deliberassent,
1690 2400 1732 2433 ut
1749 2399 1899 2440 dicitur,

267 2457 516 2497 arrestarunt,
549 2457 588 2490 et
618 2457 672 2490 sic
702 2457 740 2489 in
760 2455 830 2490 hac
856 2456 1007 2489 civitate
1043 2455 1324 2489 Constantiensi
1348 2455 1476 2488 multis
1511 2455 1643 2488 diebus
1670 2454 1709 2487 in
1736 2455 1900 2488 maxima

316 2611 362 2655 (l)
385 2612 465 2645 Van
492 2611 710 2645 Beati-§sime
726 2614 838 2653 pater
851 2610 906 2642 tot
930 2608 1077 2643 hiertoe
1105 2609 1177 2652 zijn
1197 2609 1263 2643 het
1279 2608 1447 2643 dezelfde
1464 2609 1643 2643 woorden
1668 2607 1723 2642 als
1746 2608 1785 2641 in
1810 2608 1898 2643 Gra-

270 2667 384 2701 bow’s
412 2669 535 2702 eerste
560 2666 763 2700 aanklacht
793 2666 1000 2699 hierboven
1024 2665 1229 2709 afgedrukt
1256 2675 1301 2708 op
1326 2665 1397 2698 blz.
1420 2665 1656 2715 216331daar
1678 2665 1782 2708 volgt
1805 2675 1899 2700 eene

269 2723 543 2766 breedvoerige
571 2722 682 2756 reeks
713 2731 784 2757 van
808 2721 1064 2764 godgeleerde
1096 2720 1415 2765 beschouwingen
1440 2731 1486 2756 en
1518 2721 1723 2765 stellingen
1750 2721 1899 2765 gericht

268 2780 382 2821 tegen
410 2779 456 2812 de
481 2777 779 2819 Broederschap,
812 2777 951 2810 zonder
974 2785 1090 2810 meer.

311 2832 356 2876 (2)
380 2832 577 2876 Vergelijk
593 2832 787 2866 hiermede
803 2831 868 2865 het
885 2832 1095 2875 eenigszins
1112 2832 1246 2865 anders
1260 2831 1415 2866 luidend
1432 2831 1585 2866 verhaal
1609 2841 1680 2866 van
1697 2832 1897 2876 Eusebius,

268 2887 474 2921 hicrboven
500 2889 537 2921 te
561 2888 699 2921 vinden
730 2897 777 2930 op
802 2887 871 2920 blz.
897 2886 974 2921 228.

308 2942 352 2984 (3)
378 2941 569 2983 Namelijk
597 2941 781 2975 Frederik
810 2941 867 2975 111
895 2951 965 2974 van
997 2941 1286 2983 Blankenheim,
1316 2942 1492 2986 bissehop
1520 2953 1590 2977 van
1623 2941 1794 2978 Utrecht.
