2050 3470
781 255 918 289 ANNO
947 254 1029 287 1410
1655 255 1720 288 233

81 369 307 403 sententiam
332 367 588 409 proferentem
607 365 758 399 nomine
774 366 942 406 judicum
961 365 1124 406 com-ilij,
1144 367 1181 398 vt
1198 365 1235 398 in
1261 366 1362 398 «licta
1379 366 1567 399 sententia
1583 365 1716 398 asseri-

80 426 166 464 tur3
185 432 231 457 ex
250 431 323 464 qua
335 422 487 463 quidem
501 421 713 464 prolatione
731 421 919 454 sententie
944 421 1149 454 maximum
1174 421 1213 453 in
1232 421 1393 453 ecclesia
1411 420 1479 454 Dei
1497 420 1715 454 scandalum

80 480 119 512 in
144 478 233 512 fidei
249 477 500 520 preiudieium
518 479 715 511 venturum
734 477 803 515 est,
822 476 893 508 nisi
910 477 1088 508 sanctitas
1112 477 1238 509 vestra
1259 477 1434 508 occurrat
1450 478 1488 509 et
1507 485 1620 518 super
1645 475 1717 517 hijs

80 534 346 577 procuratores
374 532 561 565 dictorum
586 534 748 574 quatuor
779 531 952 564 ordinum
985 530 1274 573 appellaucrint.
1310 530 1552 573 Supplicatur
1589 531 1717 572 itaque

81 589 270 623 sanctitati
289 589 412 621 vestre
438 598 506 629 pro
524 590 631 630 parte
649 588 810 629 quatuor
834 589 1124 629 procuratorum
1142 586 1328 619 dictorum
1347 587 1535 626 ordinum,
1554 595 1623 627 per
1646 585 1717 619 hoc

81 654 104 678 a
128 644 228 677 dicta
252 642 507 686 appellatione
536 653 609 676 non
642 643 867 682 recedendo,
897 643 1081 683 quatenus
1109 642 1289 674 mandare
1318 641 1526 684 dignemini
1562 641 1600 674 in
1630 641 1717 674 fidei

80 701 250 733 fauorem
283 707 325 731 ac.
353 698 519 740 quictem
547 698 731 731 dictarum
756 697 998 740 religionum,
1027 706 1070 730 ac
1087 698 1243 739 propter
1265 697 1403 729 bonum
1436 698 1575 729 statum
1600 697 1716 729 totius

80 753 304 788 vniuersalis
328 753 487 787 ecclesie
511 753 629 786 dictas
646 754 872 786 sententiam
890 754 927 785 et
952 762 1102 786 eausam
1131 753 1176 785 ad
1196 752 1362 794 priorem
1393 752 1544 791 statum,
1573 751 1611 784 in
1641 761 1715 793 quo

80 810 191 844 erant
203 812 405 850 antequam
421 809 522 842 dieta
538 809 726 841 sententia
743 809 910 841 ferretur
926 814 964 841 et
989 807 1205 840 huiusmodi
1220 816 1333 840 cause
1351 816 1550 849 processus
1566 806 1715 839 inchoa-

81 867 201 906 retur,
219 865 265 898 ad
283 866 377 898 fines
390 866 427 897 vt
452 865 490 897 in
508 873 621 897 causa
638 864 725 896 fidei
751 863 966 896 huiusmodi
990 862 1099 896 valdc
1122 862 1338 904 periculosa
1361 861 1497 895 melius
1518 863 1556 894 et
1578 862 1717 894 certius

81 920 326 960 deliberetur,
353 920 475 962 redigi
504 921 543 952 et
569 919 756 958 reuocari,
776 928 920 952 necnon
951 919 996 952 de
1022 927 1119 950 nouo
1144 917 1380 950 committere
1409 917 1530 949 eidem
1564 916 1716 950 domino

82 975 298 1019 patriarche
329 975 387 1008 vel
405 974 519 1008 alicui
537 984 582 1008 ex
600 974 928 1008 reuerendissimis
942 975 1070 1006 sancte
1087 974 1259 1006 Romane
1273 971 1432 1005 ecclesie
1450 971 1717 1011 cardinalibus,

82 1033 121 1066 et
144 1031 176 1064 si
198 1031 323 1074 placet
340 1031 490 1063 domino
508 1030 691 1063 cardinali
716 1030 937 1068 Veronensi,
968 1037 1094 1062 coram
1113 1038 1185 1070 quo
1211 1028 1285 1061 alie
1310 1037 1422 1060 cause
1441 1027 1528 1061 fidei
1552 1027 1720 1069 pendent

83 1096 168 1120 cum
193 1086 455 1128 dependentiis
479 1086 516 1118 et
541 1086 711 1125 annexis,
737 1086 775 1117 vt
806 1085 926 1117 dictos
959 1083 1139 1117 articulos
1171 1083 1224 1116 sic
1256 1083 1561 1125 condempnatos,
1592 1083 1637 1115 ad
1678 1091 1718 1116 50

83 1142 299 1176 conuocatis
313 1141 507 1184 magistris
520 1141 559 1173 in
578 1140 787 1183 theologia,
806 1140 997 1173 examinet
1013 1141 1050 1172 et
1064 1139 1274 1172 examinari
1298 1138 1413 1171 faciat
1430 1139 1468 1171 et
1484 1137 1716 1179 qualificari3

84 1196 262 1239 quoniam
293 1196 429 1230 exinde
459 1196 549 1229 dicti
578 1198 844 1239 procuratores
869 1195 1033 1228 offerunt
1060 1194 1249 1237 prefatum
1277 1194 1502 1236 magistrum
1519 1193 1717 1226 Nicolaum

83 1252 306 1294 Serrurarij,
324 1253 457 1285 contra
481 1261 593 1293 quem
610 1252 696 1285 talis
714 1251 902 1285 sententia
928 1259 996 1292 per
1024 1250 1213 1292 prefatum
1242 1249 1436 1281 dominum
1463 1248 1717 1291 patriarcham

82 1310 135 1352 (vt
165 1308 371 1350 prefertur)
406 1307 483 1340 lata
510 1308 594 1348 fuit,
629 1307 675 1340 ad
708 1307 923 1340 faciendum
961 1315 1109 1338 omnem
1143 1305 1440 1347 reparacionem,
1479 1313 1590 1345 quam
1619 1304 1720 1337 circa

83 1365 248 1407 prefatos
273 1363 453 1396 articulos
485 1362 543 1395 vel
573 1363 737 1405 aliquem
763 1372 809 1395 ex
837 1362 928 1404 ipsis
953 1362 1080 1394 facere
1112 1361 1308 1393 teneretur
1335 1360 1539 1393 secundum
1572 1367 1717 1392 sacram

83 1420 309 1462 scripturam
334 1428 377 1452 ac
399 1418 494 1460 juris
523 1418 822 1461 dispositionem,
851 1418 889 1450 et
917 1418 1014 1458 quod
1047 1416 1200 1449 interim
1229 1414 1282 1447 nil
1312 1415 1515 1447 innouetur
1543 1415 1716 1456 pretextu

85 1475 272 1508 dictorum
289 1474 476 1508 sententie
506 1475 544 1507 et
566 1483 763 1516 processus
788 1473 920 1506 contra
943 1473 1133 1515 prefatum
1160 1470 1385 1514 magistrum
1405 1469 1615 1512 Nicolaum,
1635 1479 1720 1503 cum

85 1539 161 1564 non
178 1530 413 1564 obstantibus
431 1531 469 1563 et
485 1529 664 1563 clausulis
679 1528 886 1572 oportunis.
909 1541 924 1558 »

129 1585 173 1619 In
187 1585 262 1619 fine
280 1593 368 1618 vero
394 1584 493 1618 dicte
512 1584 786 1617 commissionis
811 1584 891 1617 siue
917 1582 1204 1625 supplicationis
1229 1581 1361 1614 cedule
1379 1581 1520 1623 scripta
1537 1580 1658 1620 erant,
1676 1580 1723 1613 de

84 1641 242 1676 alterius
268 1649 401 1673 manus
418 1640 546 1673 littera
563 1640 750 1682 superiori
769 1639 898 1673 littere
914 1639 1034 1681 ipsius
1062 1636 1195 1671 cedule
1220 1637 1371 1679 penitus
1388 1637 1426 1670 et
1443 1636 1595 1669 omnino
1617 1635 1722 1668 dissi-

85 1696 167 1730 mili
184 1697 223 1730 et
234 1696 399 1738 diuersa,
417 1695 487 1729 hee
503 1696 631 1736 verba,
650 1695 825 1728 videlieet
842 1705 849 1727 :

129 1766 146 1780 ιι
165 1752 221 1786 De
236 1752 413 1785 mandato
439 1751 582 1784 domini
599 1751 718 1783 nostri
734 1760 831 1792 pape
856 1750 985 1783 audiat
1001 1749 1102 1783 idem
1122 1748 1462 1782 reuerendissimus
1479 1747 1588 1790 pater
1606 1747 1722 1780 (101111-

85 1817 154 1842 11115
167 1806 384 1847 cardinalis,
401 1806 551 1850 redigat
564 1806 602 1839 in
618 1807 756 1839 statum
773 1807 845 1839 etc.
865 1806 903 1839 et
919 1806 1102 1847 procedat
1119 1805 1157 1836 vt
1173 1804 1328 1846 petitur.
1349 1818 1366 1832 n

127 1863 333 1904 Postquam
347 1871 435 1896 vero
453 1862 554 1896 idem
571 1862 744 1895 dominus
762 1860 980 1902 cardinalis,
997 1860 1113 1903 judex
1131 1860 1169 1893 et
1186 1859 1481 1898 commissarium
1499 1859 1545 1891 ad
1564 1858 1722 1891 nonnul-

83 1917 141 1952 los
157 1919 262 1952 actus
277 1918 476 1960 judiciales
492 1918 532 1950 in
546 1917 762 1950 huiusmodi
779 1925 893 1950 causa
917 1917 1013 1950 citra
1040 1916 1168 1949 tamen
1185 1914 1468 1947 conclusionem
1485 1914 1559 1947 rite
1576 1914 1614 1947 et
1630 1913 1722 1957 legi-

85 1974 176 2008 time
193 1974 451 2017 processisset,
471 1974 568 2006 sicut
583 1972 775 2006 Altissimo
794 1971 950 2015 placuit,
968 1971 1067 2005 diem
1085 1971 1161 2004 vite
1187 1979 1254 2004 sue
1280 1970 1416 2003 clausit
1432 1971 1658 2011 extremum,
1683 1978 1726 2002 ac

85 2038 198 2063 causa
221 2029 437 2063 huiusmodi
468 2028 786 2062 reuerendissimo
819 2029 859 2061 in
884 2027 1033 2060 Christo
1062 2027 1161 2069 patri
1191 2028 1229 2059 et
1254 2025 1405 2058 domino
1424 2025 1576 2057 domino
1595 2025 1724 2065 Petro,

84 2085 329 2118 miseratione
361 2084 491 2117 diuina
519 2085 646 2117 sancte
663 2084 785 2117 Marie
810 2084 849 2116 in
867 2083 1041 2116 domnica
1058 2083 1158 2116 dicte
1187 2082 1359 2115 Romane
1384 2080 1544 2114 ecclesie
1569 2080 1727 2113 diacono

83 2139 282 2180 cardinali,
301 2133 545 2173 Venetiarum
560 2139 702 2181 J'uniori
727 2138 938 2182 vulgariter
964 2139 1195 2180 nuncupato,
1223 2137 1261 2169 in
1280 2145 1324 2170 eo
1354 2137 1468 2177 statu,
1487 2144 1560 2177 quo
1594 2134 1725 2168 vltimo

85 2204 213 2229 coram
241 2196 340 2228 dicto
357 2195 509 2227 domino
539 2193 723 2228 cardinali
739 2194 951 2228 Veronensi
968 2195 1140 2236 tempore
1166 2193 1289 2225 obitus
1307 2192 1365 2225 sui
1390 2191 1637 2231 remanserat,
1655 2199 1725 2233 per

84 2251 226 2284 dictum
243 2251 435 2284 dominum
462 2251 630 2283 nostrum
648 2259 783 2292 papam
800 2250 887 2282 viue
911 2249 1012 2281 vocis
1031 2248 1184 2282 oraculo
1214 2247 1415 2280 commissa
1443 2248 1481 2280 et
1497 2255 1566 2288 per
1581 2255 1667 2280 eum
1685 2246 1723 2279 in

85 2307 184 2339 statu
198 2307 325 2340 debito
350 2307 555 2348 resumpta,
574 2306 730 2347 ipsaque
746 2305 860 2338 certis
885 2305 931 2338 de
949 2305 1075 2337 causis
1094 2304 1139 2337 ad
1161 2302 1428 2337 cancellariam
1446 2302 1589 2335 domini
1606 2301 1726 2334 nostri

86 2371 182 2404 pape
198 2362 358 2396 remissa
374 2362 475 2394 idem
508 2361 681 2394 dominus
706 2362 835 2394 noster
858 2369 956 2402 papa
983 2369 1097 2393 causa
1125 2359 1342 2392 huiusmodi
1372 2359 1411 2391 in
1444 2366 1488 2391 eo
1521 2359 1635 2400 statu,
1653 2366 1726 2398 quo

84 2417 216 2450 vltimo
233 2426 361 2450 coram
384 2418 531 2459 prefato
549 2416 701 2449 domino
720 2417 834 2449 Petro
859 2415 1043 2449 cardinali
1067 2415 1314 2448 Venetiarum
1338 2414 1586 2453 remanserat,
1617 2412 1725 2445 nobis

87 2473 265 2514 Antonio,
298 2473 431 2506 eadem
454 2472 698 2505 miseratione
726 2471 828 2504 tituli
860 2474 990 2505 sancte
1019 2471 1189 2504 Susanne
1226 2471 1326 2503 dicte
1361 2469 1534 2503 Romane
1565 2468 1725 2501 ecclesie

86 2528 309 2570 presbytero
326 2527 523 2567 cardinali,
547 2526 808 2570 Aquilegiensi
829 2526 1040 2570 vulgariter
1057 2526 1286 2568 nuncupato,
1312 2524 1502 2557 commisit
1527 2532 1726 2557 resumen-

87 2580 172 2614 dam
200 2582 238 2614 et
255 2580 412 2614 vlterius
429 2580 667 2619 audiendam,
697 2580 1010 2623 cognoscendam,
1030 2579 1276 2612 decidendam
1301 2579 1340 2611 et
1364 2578 1439 2611 fine
1456 2577 1583 2610 debito
1601 2576 1723 2609 termi-

86 2636 248 2669 nandam
265 2645 350 2669 cum
367 2637 538 2669 omnibus
551 2637 589 2669 et
602 2635 763 2679 singulis
780 2636 858 2669 suis
874 2634 1445 2679 emergentibus,incidentibus,
1461 2632 1723 2676 dependentiis

87 2690 126 2723 et
142 2689 334 2722 connexis,

131 2744 314 2778 Pretextu
343 2743 557 2778 huiusmodi
583 2745 858 2777 commissionis
886 2753 998 2778 causa
1016 2743 1230 2776 huiusmodi
1255 2752 1323 2784 per
1340 2752 1408 2775 nos
1426 2742 1462 2775 in
1482 2743 1580 2775 statu
1599 2741 1725 2774 debito

88 2802 295 2843 resumpta,
323 2802 598 2843 subsequenter
614 2801 823 2843 prelibatus
840 2801 1013 2834 dominus
1031 2800 1159 2833 noster
1184 2809 1282 2841 papa
1299 2799 1484 2841 quandam
1503 2798 1617 2832 aliam
1631 2807 1728 2830 com-

89 2856 278 2889 missionis
295 2857 376 2890 siuc
401 2856 689 2899 supplicationis
707 2856 982 2898 dependentem
1009 2854 1193 2896 cedulam,
1224 2855 1332 2888 nobis
1363 2863 1431 2897 per
1448 2856 1592 2889 certum
1618 2863 1727 2887 suum

90 2920 282 2945 cursorem
297 2913 510 2954 presentari
525 2912 613 2945 iecit
632 2911 848 2945 huiusmodi
866 2912 934 2945 sub
953 2914 1084 2945 tenore
1104 2919 1112 2943 :

135 2983 150 2996 ιι
167 2969 390 3003 Bisuissuffl
406 2970 528 3012 pater.
