2050 3470
874 227 941 261 AN
945 227 1010 262 ΝΟ
1037 227 1121 262 1312
1779 228 1822 260 69

195 340 364 383 ejusdem
377 339 464 372 fidei
481 339 741 378 conterendos,
756 338 894 379 quanto
912 337 1078 379 ipsorum
1097 337 1268 379 potentia
1289 337 1324 371 in
1354 337 1652 380 opulentioribus
1670 336 1822 369 faculta-

194 396 294 428 tibus
319 396 572 438 augmentata,
599 402 727 433 onera,
756 401 852 434 quae
879 393 1153 434 prosecutionis
1179 394 1273 425 tanti
1303 394 1444 436 negotii
1470 393 1673 426 necessitas
1689 392 1822 435 exigit,

194 450 313 484 levius
328 452 363 483 et
377 449 525 483 facilius
539 449 715 491 poterunt
729 449 950 490 supportare
964 458 972 488 ς
989 449 1027 480 et
1043 450 1244 489 propterea
1268 458 1339 481 non
1358 449 1512 491 indigne
1529 447 1664 490 vigiles
1688 447 1824 480 redditi

194 505 402 546 studiisque
432 503 604 536 sollicitis
633 503 798 541 excitati,
830 505 869 534 ut.
895 503 940 534 ad
965 504 1021 535 sui
1050 504 1168 535 status
1201 505 1444 545 augmentum
1469 512 1578 544 opem
1607 504 1645 535 et
1671 511 1825 545 operam

193 560 464 602 impendamus,
481 560 612 593 eodem
625 568 730 591 sacro
745 559 976 600 approbante
993 557 1168 598 concilio,
1184 559 1303 600 ipsam
1322 560 1473 592 domum
1490 559 1648 592 militiae
1676 558 1824 601 Templi

193 617 436 656 caeterasque
450 615 591 653 domos,
607 613 798 652 ecclesias,
814 612 992 655 capellas,
1008 614 1187 655 oratoria,
1202 614 1384 653 civitates,
1399 616 1534 653 castra,
1553 613 1674 654 villas,
1689 615 1823 654 terras,

194 671 374 714 grangias
399 674 436 703 et
467 670 561 709 loca,
583 670 850 712 possessiones,
883 669 1159 710 juridictiones,
1178 670 1347 703 redditus
1366 672 1478 712 atque
1500 671 1599 712 jura,
1625 671 1825 712 omniaque

193 725 269 759 alia
297 727 394 759 bona
423 725 631 758 immobilia
657 726 694 757 et
725 723 892 763 mobilia,
933 723 992 757 vel
1018 733 1058 757 se
1089 725 1289 764 moventia,
1319 735 1402 758 cum
1436 726 1608 758 omnibus
1632 725 1824 765 membris,

192 779 339 822 juribus
364 782 402 814 et
423 780 662 823 pertinentiis
679 780 768 819 suis,
783 779 883 812 ultra
901 780 937 811 ct
965 779 1060 812 citra
1084 788 1201 819 mare,
1220 789 1262 813 ac
1287 781 1324 813 in
1341 781 1526 813 universis
1541 782 1579 814 et
1596 780 1827 822 quibuslibet

193 837 323 869 mundi
340 836 510 878 partibus
526 836 782 873 consistentia,
801 843 896 875 quae
909 834 989 876 ipse
1005 835 1096 867 ordo
1119 835 1155 868 et
1179 835 1268 868 dicti
1294 837 1476 879 magister
1492 837 1530 869 et
1552 837 1690 870 fratres
1707 835 1825 878 ipsius

194 892 337 924 ordinis
368 891 528 924 militiae
553 889 712 932 Templi,
739 892 908 931 tempore
937 899 1009 930 quo
1041 890 1121 931 ipse
1145 891 1327 933 magister
1353 892 1391 924 et
1419 891 1586 924 nonnulli
1611 900 1657 925 ex
1684 891 1826 925 eisdem

193 947 375 980 fratribus
401 946 561 979 militiae
586 944 733 987 Templi
755 945 793 977 in
818 953 936 987 regno
956 944 1139 978 Franciae
1160 947 1411 980 communiter
1426 947 1525 989 capti
1541 947 1706 986 fuerunt,
1724 947 1825 980 vide-

193 1001 282 1036 licet
301 1011 398 1035 anno
418 1001 568 1034 Domini
586 1000 788 1033 millesimo
813 1000 1078 1033 trecentesimo
1105 1002 1247 1041 octavo,
1275 1011 1402 1035 mense
1427 1002 1594 1043 Octobri,
1612 1011 1681 1044 per
1704 1011 1744 1036 se
1766 1001 1826 1035 vel

193 1065 448 1099 quoscumque
479 1056 573 1090 alios
597 1056 798 1094 habebant,
816 1055 996 1088 tenebant
1024 1057 1061 1088 et
1094 1057 1336 1098 possidebant
1351 1057 1410 1091 vel
1429 1058 1474 1091 ad
1498 1058 1649 1091 eosdem
1674 1058 1826 1091 domum

192 1113 232 1147 et
270 1113 441 1146 ordinem
472 1111 632 1144 militiae
657 1109 804 1152 Templi
833 1111 871 1143 et
895 1110 1015 1143 dictos
1047 1111 1272 1154 magistrum
1296 1113 1334 1145 et
1363 1113 1502 1146 fratres
1525 1113 1643 1155 ipsius
1666 1113 1826 1147 militiae

193 1167 340 1210 Templi
367 1166 650 1209 quomodolibet
681 1165 934 1208 pertinebant,
961 1174 1104 1198 necnon
1129 1166 1293 1206 nomina,
1325 1167 1490 1201 actiones
1518 1168 1556 1201 et
1591 1168 1689 1210 jura,
1730 1176 1826 1209 quae

191 1223 361 1265 predicto
393 1223 562 1263 tempore
602 1220 786 1263 captionis
821 1220 989 1262 ipsorum
1026 1221 1167 1254 eisdem
1208 1222 1372 1261 domino,
1402 1223 1526 1255 ordini
1558 1223 1617 1256 vel
1655 1222 1825 1265 personis

194 1277 312 1320 ipsius
330 1277 472 1310 ordinis
489 1275 649 1309 militiae
674 1274 823 1317 Templi
848 1283 1083 1316 quocumque
1115 1276 1225 1309 modo
1250 1277 1513 1318 competebant
1534 1277 1593 1311 vel
1611 1279 1826 1320 competere

194 1333 382 1376 poterant,
402 1333 533 1364 contra
550 1338 817 1372 quoscumque,
844 1330 1112 1372 cujuscumque
1136 1331 1345 1374 dignitatis,
1373 1333 1492 1365 status
1515 1332 1575 1366 vel
1600 1332 1826 1366 conditionis

192 1385 412 1423 existerent,
432 1393 516 1416 cum
530 1384 703 1433 omnibus
721 1383 946 1426 privilegiis,
972 1384 1234 1427 indulgentiis,
1260 1386 1560 1420 immunitatibus
1576 1388 1615 1420 et
1638 1386 1826 1421 libertati-

193 1440 274 1481 bus,
292 1440 427 1482 quibus
454 1439 616 1482 praefati
638 1439 820 1481 magister
848 1439 886 1472 et
912 1439 1050 1473 fratres
1074 1440 1260 1473 dictorum
1287 1440 1418 1474 domus
1435 1442 1474 1474 et
1499 1442 1643 1475 ordinis
1666 1442 1827 1476 militiae

192 1495 353 1537 Templi,
383 1496 421 1528 et
448 1485 530 1537 ipsa
556 1495 689 1527 domus
720 1495 757 1527 et
782 1494 887 1534 ordo,
919 1503 989 1536 per
1016 1495 1142 1528 sedem
1171 1495 1415 1538 apostolicam
1442 1496 1502 1530 vel
1526 1506 1595 1539 per
1621 1497 1827 1531 catholicos

191 1551 453 1593 imperatores,
482 1558 593 1592 reges
623 1550 661 1582 et
687 1549 882 1591 principes
907 1550 944 1582 et
968 1550 1100 1583 fideles
1124 1550 1232 1591 alios,
1254 1550 1313 1584 vel
1341 1560 1578 1594 quocumque
1602 1552 1677 1586 alio
1701 1553 1825 1594 modo,

191 1607 300 1639 erant
316 1605 487 1648 legitime
504 1605 738 1645 communiti,
763 1605 887 1638 eidem
910 1605 1034 1638 ordini
1059 1605 1265 1648 Hospitalis
1289 1609 1409 1641 sancti
1432 1607 1590 1641 Joannis
1608 1607 1828 1652 Hierosoly-

192 1662 325 1695 mitani
343 1662 380 1694 et
396 1660 465 1702 ipsi
483 1659 668 1702 Hospitali
691 1660 884 1701 donamus,
904 1661 1157 1702 concedimus,
1175 1662 1339 1703 unimus,
1354 1664 1652 1706 incorporamus,
1665 1664 1827 1706 applica-

190 1727 273 1751 mus
310 1718 348 1751 et
382 1717 615 1750 annectimus
653 1716 692 1748 in
732 1718 957 1758 perpetuum
991 1716 1037 1749 de
1073 1717 1301 1759 apostolicae
1338 1718 1573 1760 plenitudine
1614 1719 1825 1761 potestatis,

191 1773 358 1815 exceptis
382 1772 490 1805 bonis
519 1772 706 1813 quondam
723 1771 814 1804 dicti
842 1771 986 1804 ordinis
1013 1772 1132 1813 ipsius
1160 1772 1319 1806 militiae
1353 1773 1501 1816 Templi
1535 1774 1826 1807 consistentibus

191 1829 230 1861 in
263 1828 392 1871 regnis
417 1829 455 1860 et
486 1827 601 1860 terris
631 1825 914 1860 carissimorum
942 1827 981 1860 in
1013 1826 1161 1860 Christo
1194 1827 1359 1862 filiorum
1392 1830 1603 1863 nostrorum
1628 1829 1825 1870 Castellae,

190 1883 417 1926 Aragoniae‚
447 1881 709 1925 Portugalliae
748 1883 785 1915 et
820 1882 1089 1924 Majoricarum
1119 1892 1254 1925 regum
1282 1883 1501 1925 illustrium,
1534 1886 1642 1919 extra
1665 1894 1826 1928 regnum

191 1938 387 1977 Franciae‚
407 1946 503 1979 quae
522 1945 543 1969 a
560 1937 778 1976 donatione,
797 1937 1053 1976 concessione,
1072 1938 1225 1977 unione,
1245 1939 1826 1983 applicatione,incorporatione

191 1993 229 2025 et
242 1992 453 2025 annexione
470 1992 672 2034 praedictis
690 1991 908 2034 specialiter
932 1992 1156 2034 excipienda
1178 1994 1354 2027 duximus
1378 1996 1416 2028 et
1439 1995 1555 2028 etiam
1579 1995 1823 2029 excludenda.

192 2049 248 2082 Ea
286 2048 532 2082 nihilominus
567 2048 806 2090 dispositioni
845 2049 883 2082 et
922 2049 1155 2082 ordinationi
1191 2051 1291 2084 sedis
1329 2051 1558 2093 apostolicae
1590 2053 1826 2085 reservantes

192 2103 458 2136 inhibitionem
482 2103 623 2136 dudum
646 2111 715 2145 per
743 2102 838 2136 alios
863 2112 1062 2146 processus
1096 2106 1244 2138 nostros
1276 2106 1426 2146 factam,
1455 2115 1502 2140 ne
1530 2107 1613 2148 quis
1635 2106 1825 2147 videlicet,

193 2159 461 2201 cujuscumque
485 2158 712 2191 conditionis
739 2157 799 2191 vel
818 2159 937 2191 status
960 2159 1154 2199 existeret,
1185 2168 1224 2193 se
1253 2160 1298 2193 de
1315 2162 1486 2202 personis
1514 2162 1552 2195 et
1576 2161 1683 2194 bonis
1698 2161 1826 2204 hujus-

193 2214 294 2247 modi
308 2214 546 2256 aliquatenus
563 2213 848 2253 intromitteret,
863 2213 923 2247 vel
942 2214 1044 2247 circa
1060 2223 1117 2254 ea,
1136 2214 1174 2247 in
1191 2216 1465 2257 praeJudicium
1489 2216 1737 2250 ordinationis
1760 2225 1826 2249 seu

193 2269 451 2311 dispositionis
475 2269 574 2301 sedis
592 2268 761 2310 ejusdem
786 2269 983 2302 faciendae
1000 2269 1046 2302 de
1062 2269 1152 2311 illis,
1171 2279 1317 2304 necnon
1334 2272 1476 2305 decreti
1494 2271 1613 2305 nostri
1629 2272 1827 2314 interposi-

192 2325 348 2366 tionem,
365 2324 487 2366 quoad
510 2332 689 2366 personas
717 2324 754 2356 et
772 2324 870 2357 bona
898 2324 937 2357 in
961 2324 1071 2357 dict-is
1095 2325 1225 2368 regnis
1250 2327 1288 2359 et
1312 2327 1425 2360 terris
1451 2327 1668 2360 eorumdem
1692 2336 1827 2370 regum

192 2379 362 2421 proxime
387 2387 652 2421 expressorum
676 2379 932 2419 consistentia,
951 2380 1103 2413 omnino
1129 2389 1284 2414 monere
1315 2381 1482 2416 volentes
1498 2383 1537 2415 in
1553 2381 1665 2424 pleno
1689 2383 1826 2415 robore

192 2434 395 2473 firmitatis,
415 2443 608 2476 quousque
627 2434 673 2466 de
686 2434 858 2476 personis
884 2435 921 2467 et
938 2435 1051 2468 rebus
1068 2436 1272 2477 praedictis
1293 2437 1330 2469 in
1349 2437 1490 2471 eisdem
1507 2438 1636 2480 regnis
1661 2439 1697 2471 et
1714 2437 1827 2470 terris

192 2490 496 2529 consistentibus,
515 2498 583 2531 per
597 2489 883 2531 dispositionem
898 2490 997 2523 sedis
1011 2490 1180 2532 ejusdem
1196 2492 1312 2524 fuerit
1329 2491 1443 2526 aliter
1460 2493 1684 2526 ordinatum.
1705 2492 1827 2526 Occu-

191 2547 344 2587 patores
375 2553 523 2586 quoque
556 2544 743 2576 dictorum
775 2545 959 2577 bonorum
990 2547 1055 2578 aut
1092 2545 1246 2579 illicitos
1287 2547 1517 2588 detentores,
1558 2549 1827 2590 qu'uscumque

192 2601 324 2640 status,
349 2600 588 2638 conditionis,
615 2599 863 2633 excellentiae
891 2599 950 2633 vel
975 2600 1171 2643 dignitatis
1196 2602 1410 2643 extirerint‚
1438 2603 1587 2636 etiamsi
1603 2603 1825 2646 pontificali,

192 2654 381 2697 imperiali
399 2654 456 2688 vel
475 2654 596 2697 regali
621 2653 888 2698 praefulgeant
904 2655 1103 2698 dignitate,
1132 2656 1204 2689 nisi
1237 2657 1337 2691 infra
1353 2659 1464 2691 unius
1488 2659 1626 2692 mensis
1650 2659 1826 2702 spatium,

192 2712 392 2753 postquam
423 2718 537 2752 super
567 2710 638 2743 hoc
666 2719 735 2753 per
762 2711 880 2744 dictos
911 2712 1135 2754 magistrum
1160 2713 1198 2746 et
1220 2713 1357 2748 fratres
1381 2715 1499 2757 ipsius
1523 2714 1744 2757 Hospitalis,
1767 2714 1827 2749 vel

192 2768 359 2809 ipsorum
385 2765 592 2808 quemlibet
616 2768 680 2799 aut
704 2769 988 2809 procuratorem
1013 2777 1078 2801 seu
1103 2770 1367 2811 procuratores
1391 2778 1523 2803 eorum
1546 2768 1689 2802 fuerint
1705 2769 1828 2812 requi-

193 2823 269 2862 siti,
287 2816 388 2856 dicta
405 2823 503 2856 bona
526 2823 752 2863 dimiserint,
778 2822 919 2865 illaque
938 2823 1047 2865 plene
1074 2833 1116 2857 ac
1142 2823 1262 2858 libere
1289 2825 1536 2865 restituerint,
1562 2825 1686 2859 ordini
1710 2826 1827 2869 ipsius

194 2876 401 2920 Hospitalis
419 2880 456 2911 et
474 2878 597 2911 eidem
615 2878 803 2921 Hospitali
829 2880 893 2912 aut
918 2880 1100 2923 magistro
1136 2889 1201 2914 seu
1220 2881 1410 2923 prioribus
1433 2881 1492 2915 vel
1520 2881 1827 2925 praeceptoribus

194 2935 259 2966 aut
290 2933 471 2967 fratribus
512 2933 721 2978 Hospitalis
760 2935 927 2977 ejusdem
952 2935 990 2969 in
1029 2936 1327 2980 quibuscumque
1361 2937 1531 2981 partibus
1553 2938 1592 2972 et
1624 2937 1828 2982 provinciis
