2050 3470
807 279 945 316 ANNO
970 280 1055 315 1397
1690 285 1754 319 163

121 394 335 444 agencium,
353 403 441 430 nam
468 389 537 428 illa
563 392 770 428 auctoritas
797 392 1068 436 Ewangelica:
1094 392 1133 427 Si
1165 393 1378 435 peccaverit
1404 394 1443 427 in
1467 394 1505 428 te
1521 394 1641 429 frater
1656 396 1755 438 tuus,

119 454 214 488 vade
231 453 269 487 et
284 452 447 494 corripe,
462 451 534 484 etc.
555 450 610 483 De
629 458 703 491 qua
720 448 836 482 Math.
865 449 969 490 xviij,
988 450 1026 482 et
1049 449 1087 481 in
1104 457 1247 482 canone
1263 449 1300 490 ij.
1318 458 1352 490 q.
1374 449 1402 483 l.
1428 449 1467 483 Si
1479 452 1687 494 peccauerit
1710 452 1757 486 de

118 509 221 543 Judi.
242 518 273 541 e.
291 507 406 542 Nouit
424 507 462 539 et
491 506 537 538 de
564 505 665 539 testi.
683 503 728 538 In
743 505 857 544 omni,
877 505 1042 546 pertinet
1070 504 1116 538 ad
1134 514 1261 538 omnes
1278 506 1495 547 preceptiue
1513 506 1550 539 in
1576 508 1757 548 quantum

122 563 318 598 concernit
341 562 466 594 actum
498 561 682 602 caritatis,
716 560 922 593 secundum
952 560 1206 600 'rhomam‚ut
1231 570 1291 593 no.
1310 561 1438 593 Archi.
1470 562 1509 594 in
1541 562 1641 595 dicto
1670 573 1701 596 c.
1720 563 1759 596 Si

116 619 329 664 peccauerit
356 619 471 651 verbo
496 618 664 650 secundo
696 626 731 658 q.
752 618 790 649 et
822 616 928 649 Host.
959 611 1128 649 in'dicto
1154 626 1186 649 e.
1205 616 1250 649 In
1275 618 1387 650 omni.
1419 618 1491 651 Sed
1518 619 1556 651 in
1579 621 1759 660 quantum

121 673 317 708 concernit
332 675 457 706 actum
473 673 625 715 justicie
653 672 806 705 racione
824 672 934 713 officij
965 681 1029 705 seu
1061 681 1163 712 cure,
1191 673 1335 714 spectat
1358 673 1482 706 tamen
1509 674 1555 706 ad
1579 676 1756 717 prelatos.

121 730 212 772 xxiij
231 739 266 771 q.
285 729 338 771 iij.
356 728 416 762 Ita
432 728 544 771 plane
561 730 598 761 et
613 738 644 762 o.
667 725 742 760 cluo
760 728 842 768 ista,
858 729 900 760 ut
922 737 981 760 no.
1002 727 1125 767 Inno.‚
1144 728 1182 760 in
1197 728 1296 760 dicto
1311 737 1341 760 c.
1357 727 1473 762 Nouit
1489 729 1562 772 glo.
1579 731 1670 773 ij‚1n
1689 732 1760 765 hoc

122 785 326 820 concordat
342 784 507 818 Thomas
524 784 622 817 sicut
635 792 696 816 no.
713 783 773 817 JO.
793 783 832 816 in
850 792 996 815 summa
1019 784 1117 816 conf.
1138 782 1177 815 li.
1196 783 1250 825 iij.
1269 783 1310 815 ti.
1337 783 1383 817 de
1400 784 1571 818 doctrina
1588 788 1761 820 ordinan-

123 841 258 874 dorum
273 849 308 882 q.
323 850 372 882 v.,
394 840 522 874 dicens
540 839 639 881 quod
657 838 796 881 duplex
813 839 869 872 est
887 839 1072 872 correctio
1088 848 1096 870 :
1123 847 1199 872 una
1216 838 1368 880 quidem
1384 840 1440 872 est
1459 841 1564 873 actus
1580 842 1761 882 caritatis,

125 905 199 939 que
221 894 440 938 specialiter
462 894 584 927 tendit
600 893 647 927 ad
664 893 972 927 emendacionem
990 893 1245 934 delinquentis
1268 902 1337 935 per
1360 893 1567 936 simplicem
1584 897 1762 929 ammoni-

126 951 275 985 cionem
293 961 302 992 3
321 950 359 984 et
374 949 462 983 talis
479 949 665 982 correctio
684 948 850 990 pertinet
869 947 914 980 ad
929 947 1136 989 quemlibet
1152 948 1350 981 caritatem
1367 947 1582 991 habentem,
1608 951 1689 984 siue
1716 952 1766 984 sit

127 1006 298 1040 subditus
311 1006 393 1040 siue
406 1005 587 1048 prelatus.
608 1005 675 1038 Est
691 1006 730 1038 et
761 1004 837 1038 alia
855 1004 1054 1044 correctio,
1084 1013 1157 1046 que
1181 1005 1238 1037 est
1262 1005 1366 1037 actus
1389 1005 1551 1046 iusticie,
1569 1015 1638 1048 per
1654 1016 1766 1049 quam

126 1061 338 1095 intenditur
361 1062 501 1094 bonum
519 1069 717 1094 commune
736 1071 744 1102 ς
773 1061 810 1093 et
828 1059 915 1093 talis
933 1060 1119 1093 correctio
1136 1060 1302 1102 pertinet
1318 1060 1364 1093 ad
1382 1060 1481 1093 solos
1504 1060 1684 1103 prelatos,
1702 1063 1766 1104 qui

128 1127 204 1152 non
231 1117 353 1151 solum
383 1116 525 1150 habent
565 1125 795 1156 ammonere,
829 1115 895 1148 sed
930 1116 1049 1148 eciam
1082 1116 1290 1158 corrigere,
1331 1116 1403 1150 etc,
1429 1116 1607 1150 Predicta
1641 1119 1767 1152 tamen

129 1174 357 1207 auctoritas:
395 1173 433 1206 Si
463 1172 681 1214 peccauerit
707 1172 747 1204 in
779 1172 828 1211 te,
865 1180 958 1204 sane
983 1169 1235 1213 intelligenda
1266 1172 1349 1212 estg
1376 1181 1462 1204 nam
1486 1173 1681 1214 peccatum
1711 1175 1768 1207 est

130 1229 282 1272 duplex,
299 1227 446 1262 veniale
475 1229 513 1261 et
539 1226 712 1260 mortale.
740 1226 944 1268 Correpcio
970 1227 1096 1259 autem
1114 1226 1155 1258 fit
1173 1226 1219 1259 ad
1247 1225 1468 1260 lucrandum
1485 1228 1643 1261 fratrem
1659 1229 1767 1261 amis·

129 1294 212 1318 sum
224 1294 293 1328 per
308 1285 517 1326 peccatum,
546 1285 588 1316 ut
605 1283 658 1316 ibi
676 1282 873 1324 sequitur:
902 1282 939 1315 Si
956 1281 1121 1315 audierit
1145 1283 1196 1323 te,
1222 1281 1390 1315 lucratus
1414 1292 1454 1316 es
1470 1284 1627 1317 fratrem
1650 1285 1766 1318 tuum.

130 1341 215 1375 Non
240 1340 428 1374 amittitur
444 1340 573 1373 autem
591 1338 722 1372 fratris
750 1338 888 1378 anima,
914 1337 987 1369 nisi
1012 1346 1082 1379 per
1108 1338 1304 1379 peccatum
1332 1338 1505 1372 mortale.
1524 1339 1635 1372 Patet
1649 1339 1770 1382 igitur

131 1397 230 1438 quod
248 1396 442 1438 corripere
459 1396 618 1428 fratrem
632 1395 689 1428 est
705 1394 939 1436 preceptum,
955 1393 1103 1434 quando
1120 1395 1251 1435 peccat
1264 1393 1490 1435 mortaliter,
1509 1395 1614 1428 etsie
1630 1395 1769 1428 dicitur

131 1450 234 1485 Eccl.
254 1451 356 1493 xvii:
384 1451 599 1492 Unicuique
631 1449 827 1483 mandauit
856 1449 1040 1481 Dominus
1069 1448 1115 1481 de
1142 1449 1316 1491 proximo
1345 1459 1424 1482 suo.
1460 1449 1614 1488 Quando
1642 1452 1769 1484 autem

132 1506 265 1549 peccat
276 1504 480 1539 venialiter
493 1506 550 1538 est
565 1504 777 1538 consilium.
801 1505 849 1539 Et
865 1504 937 1538 hoc
950 1504 1102 1537 videtur
1119 1506 1251 1538 notare
1263 1505 1498 1548 Augustinus
1512 1505 1587 1547 xvj.
1604 1505 1769 1548 capitulo

132 1562 179 1596 de
203 1570 377 1595 sermone
396 1561 547 1594 Domini
563 1561 603 1594 in
620 1563 748 1595 monte
767 1570 775 1594 z
799 1561 1026 1595 Audiuimus
1052 1561 1254 1593 Dominum
1285 1561 1562 1594 ammonentem
1579 1562 1617 1594 et
1632 1570 1771 1604 magna

133 1626 225 1651 cura
237 1617 512 1659 precipientem
530 1626 538 1648 ε
568 1616 607 1650 Si
624 1616 835 1659 peccaverit
851 1616 890 1649 in
907 1617 944 1649 te
968 1616 1088 1649 frater
1105 1616 1203 1657 tuus,
1221 1615 1315 1648 vade
1343 1617 1380 1648 et
1393 1616 1541 1658 corripe
1558 1616 1692 1659 ipsum.
1712 1616 1771 1650 Ita

136 1672 238 1715 quod.
254 1672 480 1706 ammonieio
494 1671 735 1715 intelligatur
752 1672 799 1705 de
811 1670 951 1704 veniali
965 1672 1135 1713 peccato,
1163 1681 1238 1704 non
1255 1670 1420 1704 mortali.
1445 1671 1504 1705 Ita
1519 1672 1648 1704 noster
1670 1670 1770 1703 Hen-

133 1729 235 1762 ricus
263 1728 366 1770 Boyc
399 1728 446 1761 de
476 1728 576 1761 testi.
610 1726 658 1761 In
679 1728 782 1761 omni
804 1727 906 1760 ultra
929 1727 1095 1760 medium
1128 1727 1177 1759 di.
1212 1727 1259 1768 ja.
1276 1726 1375 1759 Hinc
1403 1728 1460 1760 est
1491 1727 1589 1768 quod
1617 1725 1769 1759 omissio

133 1784 303 1818 fraterne
332 1784 589 1826 correpcionis
607 1784 663 1818 est
679 1784 876 1826 peccatum
900 1782 1075 1823 mortale,
1107 1782 1307 1815 dummodo
1326 1782 1409 1824 quis
1424 1781 1674 1825 probabiliter
1689 1790 1772 1824 pre-

134 1841 270 1880 sumat,
304 1840 404 1882 quod
435 1840 482 1873 ad
513 1840 595 1873 eius
627 1838 879 1872 monicionem
907 1839 1027 1872 frater
1058 1847 1098 1871 se
1132 1838 1314 1881 corrigat,
1351 1838 1416 1871 sed
1451 1847 1526 1872 non
1557 1838 1589 1870 si
1615 1838 1772 1880 propter

134 1896 312 1929 timorem
335 1894 399 1929 uel
428 1895 677 1938 cupiditatem
705 1895 858 1935 omittit,
878 1893 929 1927 xl.
949 1894 998 1927 di.
1016 1890 1056 1927 Si
1067 1903 1171 1937 papa
1189 1893 1279 1936 xlvj.
1299 1894 1349 1926 di.
1374 1893 1469 1927 Sunt
1491 1892 1666 1926 nonnulli
1681 1892 1707 1926 1.
1732 1892 1768 1926 d.

135 1950 174 1985 Si
204 1951 285 1995 quis
316 1949 520 1995 dyaconus.
555 1949 771 1984 Secundum
805 1950 989 1984 'rhomam
1017 1950 1130 1992 prout
1161 1958 1221 1982 n0.
1255 1948 1342 1982 Joh.
1375 1949 1413 1982 in
1438 1958 1583 1982 summa
1599 1948 1697 1982 conf.
1730 1948 1770 1981 in

134 2007 305 2050 predicto
338 2006 379 2039 ti.
414 2007 460 2040 de
492 2007 664 2040 doctrina
693 2006 771 2039 ord.
791 2016 826 2048 q.
859 2006 912 2048 iij.
947 2004 1052 2039 Talis
1082 2005 1234 2047 quidem
1264 2005 1459 2047 correpcio
1485 2006 1542 2038 est
1564 2003 1772 2038 elemosina

136 2062 360 2106 spiritualis,
380 2062 427 2096 ad
443 2072 556 2104 quam
573 2062 733 2105 quilibet
757 2063 865 2104 aptus
889 2061 1042 2094 tenetur
1065 2061 1162 2094 sieut
1185 2060 1232 2094 ad
1263 2061 1391 2094 cetera
1411 2069 1527 2103 opera
1549 2060 1717 2094 caritatis
1729 2060 1772 2092 ut

138 2118 178 2152 in
195 2118 366 2161 predicto
391 2127 422 2151 c.
449 2117 496 2151 In
521 2119 624 2151 omni
651 2118 697 2151 de
721 2127 828 2160 spon.
856 2118 958 2151 inter
986 2125 1112 2159 opera.
1147 2116 1193 2149 de
1225 2117 1310 2149 actu
1327 2125 1373 2149 ex
1403 2117 1511 2158 parte
1539 2116 1577 2158 ij.
1611 2124 1646 2158 q.
1677 2116 1702 2148 i.
1735 2115 1773 2148 Si

131 2175 339 2218 peccaverit
356 2183 416 2207 no.
445 2173 528 2207 hoc.
551 2174 647 2207 Hen.
667 2174 771 2216 Boyc
787 2173 832 2207 de
849 2182 907 2215 pe.
927 2174 965 2206 et
988 2181 1041 2206 re.
1064 2171 1156 2206 Cum
1174 2182 1219 2204 eoe
1235 2181 1275 2205 eo
1292 2172 1343 2205 di.
1369 2171 1422 2213 iij.
1449 2170 1666 2205 Elemosina
1681 2180 1771 2204 vero

138 2229 350 2275 spiritualis
366 2229 540 2262 consistit
555 2230 595 2262 in
613 2230 758 2272 septem
776 2238 784 2262 t
811 2228 947 2262 docere
971 2228 1226 2271 ignorantem,
1252 2226 1449 2260 consulere
1467 2227 1666 2266 dubitanti,
1685 2236 1770 2259 con·

139 2282 255 2317 solari
279 2284 441 2325 tristem,
472 2284 666 2326 corripere
689 2283 922 2326 peccantem,
940 2282 1136 2316 remittere
1161 2282 1379 2322 offendenti,
1408 2283 1561 2324 portare
1593 2290 1772 2314 onerosos

140 2341 179 2374 et
202 2348 341 2382 graues
372 2340 409 2373 et
439 2349 508 2382 pro
541 2340 715 2372 omnibus
744 2348 853 2373 orare
872 2349 880 2381 ;
899 2339 1049 2372 verius:
1077 2337 1250 2378 Consule,
1269 2337 1426 2380 castiga,
1452 2336 1588 2377 solare,
1605 2337 1770 2377 remitte,

139 2396 212 2436 fer,
231 2404 310 2435 ora,
326 2395 533 2428 secundum
550 2395 747 2435 Thomam,
772 2396 814 2428 ut
830 2404 890 2428 no.
905 2394 991 2428 Joh.
1008 2395 1047 2427 in
1064 2402 1210 2426 summa
1233 2393 1332 2426 conf.
1347 2392 1388 2425 ti.
1408 2393 1453 2426 de
1466 2392 1586 2435 hospi.
1614 2392 1707 2425 ordi.
1735 2402 1770 2434 q.

139 2450 180 2492 ij.
207 2451 245 2482 et
276 2450 372 2483 Hen.
409 2451 512 2492 Boyc
546 2450 586 2482 in
610 2450 782 2491 predicto
807 2459 837 2482 c.
867 2448 973 2482 Inter
1003 2458 1142 2492 opera3
1178 2448 1281 2490 patet
1312 2456 1403 2490 ergo
1433 2447 1532 2489 quod
1566 2448 1772 2490 supradicti

141 2505 315 2538 homines
339 2505 443 2539 licite
468 2507 621 2548 possent
638 2514 660 2539 a
673 2514 712 2539 se
729 2506 859 2538 mutuo
876 2504 936 2538 vel
953 2505 998 2538 ab
1017 2503 1100 2546 alijs
1117 2512 1244 2537 curam
1263 2503 1393 2536 domus
1411 2503 1636 2536 habentibus
1653 2504 1772 2536 consi-

142 2560 196 2594 lia
213 2561 385 2604 recipere
403 2563 440 2595 et
458 2562 578 2595 eciam
592 2561 781 2603 aliquibus
797 2571 1023 2604 quamquam
1040 2561 1210 2595 clauibus
1228 2562 1266 2594 et
1278 2559 1540 2601 Jurisdietione
1557 2560 1773 2592 carentibus

143 2617 417 2658 temptaciones
446 2618 484 2651 et
499 2617 693 2660 passiones
713 2618 837 2651 anime
862 2618 993 2661 gracia
1015 2617 1189 2659 captandi
1214 2615 1358 2657 consilij
1377 2616 1415 2648 et
1442 2613 1570 2656 auxilij
1589 2613 1773 2647 revelare.

188 2673 246 2706 Ad
260 2674 447 2715 quartum.
462 2673 543 2707 Non
566 2674 657 2715 puto
675 2673 713 2706 in
731 2673 885 2706 dubium
909 2681 1018 2715 posse
1035 2671 1284 2715 probabiliter
1310 2670 1496 2710 reuocari,
1522 2670 1611 2711 quin
1629 2669 1774 2702 licitum

145 2728 195 2761 sit
212 2737 318 2762 sacre
336 2730 524 2772 scripture
540 2729 658 2762 libros
686 2729 725 2762 in
742 2728 890 2772 vulgari
916 2730 1036 2763 editos
1052 2729 1111 2763 vel
1140 2727 1342 2762 translatos
1369 2726 1498 2770 legere
1529 2725 1587 2759 vel
1620 2725 1773 2764 habere,

145 2783 346 2817 dummodo
364 2784 460 2818 tales
491 2786 677 2828 scripture
705 2785 752 2819 ad
782 2794 932 2818 sensum
964 2786 1166 2827 reprobum
1191 2793 1264 2817 non
1288 2782 1486 2816 trahantur
1513 2791 1581 2815 nec
1605 2781 1776 2814 doctrine

146 2836 352 2878 apostolice
369 2847 491 2879 neque
508 2838 624 2871 sacris
649 2838 855 2871 canonibus
872 2838 1130 2872 aduersentur.
1162 2837 1286 2878 xxxvij
1320 2837 1354 2868 d.
1374 2835 1576 2874 Relatum„
1603 2833 1775 2876 exemplo

146 2891 330 2933 Danielis,
357 2893 422 2934 qui
439 2893 649 2926 doctrinam
674 2893 937 2936 Chaldeorum‚
964 2903 1006 2927 ac
1034 2893 1169 2935 Moysi,
1202 2893 1266 2934 qui
1298 2892 1526 2934 sapienciam
1550 2891 1775 2933 Egiptorum

147 2945 188 2978 in
206 2945 282 2979 illis
295 2946 403 2980 libris
420 2948 562 2990 optime
574 2945 802 2983 didicerant.
816 2948 875 2982 Ita
887 2949 926 2983 et
939 2958 1006 2982 nos
1023 2948 1229 2991 scripturas
1243 2948 1281 2980 in
1295 2946 1428 2990 lingua
1443 2948 1613 2980 materna
1629 2954 1776 2987 compo·

149 2998 240 3033 sitas
263 2999 325 3035 uel
339 2999 540 3035 translatas
556 3001 702 3036 discere
719 3010 929 3044 possumus,
954 3002 996 3035 ut
1012 3001 1213 3044 probemus
1230 3009 1286 3042 ea,
1302 3009 1374 3042 que
1391 3009 1412 3034 a
1429 3000 1566 3034 sanctis
1582 2998 1776 3042 prophetis
