2050 3470
785 259 922 293 ANNO
949 258 1135 290 1175-1177
1738 256 1780 288 27

142 371 422 406 consolationis.
444 384 459 398 ιι
476 370 559 403 Non
578 370 699 410 multi,
719 370 854 411 inquit,
871 368 1030 409 nobiles,
1058 378 1130 401 non
1148 366 1257 400 multi
1271 367 1473 409 sapientes,
1492 367 1555 399 scd
1574 375 1646 408 que
1663 366 1778 399 stulta

142 429 228 460 sunt
245 427 386 466 mundi,
404 425 522 468 elegit
539 426 652 465 Deua
666 427 707 458 ut
720 425 924 457 confundat
941 424 1128 466 sapientes
1143 434 1151 464 ;
1167 424 1204 455 et
1217 423 1367 455 infirma
1384 423 1513 454 mundi
1531 421 1647 464 elegit
1663 422 1776 462 Deus,

142 485 182 516 ut
199 482 402 515 confundat
418 481 553 521 fortia3
569 482 605 513 et
623 479 810 523 ignobiles
828 482 864 512 et
884 478 1199 520 contemptibiles,
1215 479 1252 510 et
1284 487 1328 510 ea
1358 487 1429 518 quc
1462 487 1534 510 non
1553 479 1650 516 sunt,
1670 478 1711 509 ut
1735 486 1780 510 ea

142 547 213 579 que
242 539 339 576 sunt,
373 537 595 569 destrueret.
615 551 630 563 η
661 535 813 574 Verum,
834 535 892 567 his
911 535 1070 573 omissis,
1101 534 1130 566 si
1157 533 1397 574 quidcunque
1427 533 1576 564 virtutis
1607 535 1644 565 et
1670 532 1779 565 laude

142 593 298 635 dignum
311 601 426 634 penes
437 600 642 633 pauperem
656 593 692 623 et
711 590 894 623 modicam
909 591 1081 630 matrem,
1103 587 1245 632 [penes]
1265 597 1386 620 nicam
1405 596 1463 620 me
1480 587 1616 620 vidisse
1634 591 1779 620 certum

142 649 251 681 teneo
269 648 307 681 et
323 647 528 680 audisse....
547 646 591 688 (l)
617 648 841 687 temptorcm
868 644 1074 683 revolvere,
1102 643 1319 686 arrogantie
1341 643 1461 685 magis
1482 651 1591 685 quam
1611 643 1780 675 veritatis

140 703 339 737 assertioni
357 703 401 734 ab
428 701 616 742 aliquibus
643 701 812 733 fortassis
829 701 1015 742 jiidicaret
1033 699 1226 732 inservire.

184 758 364 799 Sequens,
383 759 422 790 ut
440 757 617 795 arbitror,
638 757 861 790 invectionis
886 756 1092 798 capitulum
1118 756 1296 796 continet,
1324 755 1423 796 quod
1447 755 1606 797 gradum
1626 756 1778 797 presby-

140 814 282 847 teratus
300 813 455 855 indigne
473 822 531 845 me
546 813 754 854 suscepisse
773 814 954 845 confitens
979 821 1023 844 eo
1043 812 1181 853 privari
1208 812 1252 843 ab
1271 811 1446 853 episcopo
1471 819 1555 843 meo
1573 811 1780 852 postulave-

140 869 213 902 rim
241 871 274 901 et
301 867 543 910 optinuerim.
572 867 677 906 Quod
704 868 833 908 utique
867 876 911 900 cx
938 870 1042 909 parte
1062 876 1191 899 verum
1221 867 1418 907 confiteor,
1447 875 1492 898 ex
1519 868 1625 907 parte
1650 867 1779 908 utpote

142 923 277 957 falsum
303 922 462 955 inficior.
490 921 673 962 Equidem
702 931 759 954 me
790 932 862 954 non
892 931 996 954 mera
1015 922 1229 954 inventione
1255 921 1413 963 gradum
1447 920 1546 953 hunc
1571 922 1780 963 suscepisse

141 979 316 1021 episcopo
334 986 417 1010 meo
435 979 628 1009 confessus
654 986 759 1017 sun13
786 977 850 1010 sed
869 986 988 1018 ncque
1007 986 1050 1009 eo
1077 986 1134 1009 mc
1160 977 1300 1018 privari
1326 976 1479 1017 petiisse
1505 977 1567 1009 aut
1593 977 1780 1018 privatum

139 1034 268 1072 fuisse,
299 1042 418 1073 neque
443 1042 502 1066 me
527 1032 631 1071 mihi,
666 1034 761 1065 sicut
787 1033 857 1074 ipsi
882 1033 1078 1072 objiciunt,
1109 1031 1321 1064 restituisse
1348 1031 1412 1063 aut
1451 1031 1599 1063 restitui
1627 1041 1780 1066 necesse

142 1088 329 1126 habuisse,
349 1087 488 1129 quippe
507 1088 569 1128 qui
586 1096 629 1120 eo
647 1088 849 1120 destitutus
865 1095 1054 1128 nunquam
1072 1088 1232 1125 fueram,
1253 1086 1469 1118 constanter
1486 1087 1688 1127 protestor.
1706 1087 1779 1120 Sed

141 1143 202 1176 hic
233 1152 307 1185 qua
336 1144 461 1175 fronte
490 1151 660 1175 asserere
683 1142 950 1184 temptaverint
969 1151 1041 1174 non
1059 1141 1149 1173 satis
1167 1141 1348 1173 admirari
1374 1141 1530 1173 sufficio.
1559 1141 1652 1173 Sunt
1680 1142 1781 1174 enim

140 1199 216 1240 Jam
234 1198 322 1231 anni
340 1198 492 1231 circiter
508 1197 616 1236 XIII,
633 1206 679 1230 ex
698 1207 770 1238 quo
789 1197 884 1230 hanc
902 1197 974 1229 feci
993 1197 1282 1234 confessionem,
1309 1196 1409 1228 infra
1427 1205 1521 1236 quos
1540 1196 1578 1228 in
1595 1198 1780 1230 conventu

143 1263 273 1288 eorum
300 1252 524 1286 multociens
558 1254 796 1285 sacramenta
824 1253 1024 1284 Dominica
1055 1251 1256 1291 celebravi,
1299 1251 1474 1293 quodque
1508 1252 1629 1293 majus
1655 1254 1711 1284 est
1736 1253 1780 1285 ad

143 1319 275 1343 eorum
299 1309 607 1347 confutationem,
637 1309 809 1341 canonici
828 1308 872 1340 (lc.
899 1307 1034 1340 Sancto
1061 1307 1193 1347 Paulo,
1215 1316 1375 1348 quorum
1400 1309 1470 1340 istc
1499 1317 1595 1340 unus
1620 1308 1781 1347 videtur,

145 1365 332 1407 quandam
355 1363 554 1397 ecclesiam
578 1373 684 1397 suam
710 1363 802 1396 mihi
828 1363 1059 1403 locaverunt,
1086 1363 1124 1394 in
1152 1373 1226 1405 qua
1253 1373 1320 1406 per
1344 1364 1549 1396 triennium
1575 1362 1783 1397 honorifice

147 1420 225 1452 Deo
250 1420 288 1452 et
311 1418 458 1451 utiliter
481 1418 639 1451 ecclesie
664 1420 918 1456 conversatus,
939 1417 1109 1459 laqueari
1129 1419 1247 1460 ipsius
1276 1422 1313 1453 et
1337 1419 1514 1451 fenestris
1542 1417 1781 1456 constructis,

146 1475 252 1508 rimis
275 1483 469 1507 murorum
486 1474 740 1511 consolidatis,
760 1473 1010 1506 luminaribus
1028 1482 1225 1506 cereorum
1252 1474 1444 1516 ampliatis
1470 1475 1505 1506 et
1531 1473 1647 1505 totius
1665 1472 1782 1505 divini

147 1529 269 1563 cultus
285 1529 496 1562 ministerio
521 1528 733 1568 meliorato,
753 1529 798 1561 ad
823 1528 999 1561 ultimum
1025 1538 1097 1561 non
1125 1529 1230 1570 quasi
1250 1530 1418 1571 privatus
1438 1529 1575 1567 officio,
1595 1528 1658 1561 sed
1676 1529 1782 1569 quasi

146 1584 299 1618 solitum
315 1584 474 1618 ecclesie
491 1593 643 1617 censum
662 1593 804 1626 augere
824 1583 940 1622 nolui,
968 1584 1012 1616 ab
1031 1584 1086 1617 eis
1112 1593 1193 1617 sum
1220 1587 1379 1617 amotus.
1408 1584 1445 1616 Si
1477 1584 1602 1624 itaque
1628 1584 1666 1615 et
1691 1581 1783 1614 mihi

146 1643 297 1684 iniquus
328 1642 483 1684 gravato
518 1640 650 1674 Daniel
684 1642 748 1673 aut
779 1640 915 1682 aliquis
934 1641 1014 1681 ejus
1048 1640 1210 1673 hominis
1236 1641 1410 1682 spiritum
1435 1640 1697 1678 suscitaretur,
1721 1638 1783 1679 qui

145 1697 336 1731 subtiliter
352 1696 544 1738 querendo
562 1696 751 1734 indicium,
778 1696 816 1728 et
839 1704 886 1727 ex
903 1695 1013 1727 dictis
1034 1704 1164 1728 eorum
1191 1705 1318 1737 opera,
1345 1699 1382 1728 et
1409 1704 1454 1727 ex
1479 1694 1656 1736 operibus
1684 1693 1785 1725 dicta

146 1752 394 1791 subverteret,
420 1752 458 1784 in
483 1751 643 1784 salutem
667 1751 862 1793 sanguinis
893 1750 1037 1782 innoxii
1063 1750 1340 1783 testificationis
1366 1750 1477 1792 hujus
1501 1749 1636 1782 feditas
1662 1748 1784 1780 locum

146 1808 306 1842 ulterius
334 1806 475 1839 latendi
504 1806 649 1839 nullum
682 1806 832 1848 penitus
865 1805 1006 1838 habere
1046 1805 1200 1838 valeret.
1240 1805 1433 1844 Quomodo
1472 1805 1573 1837 enim
1612 1805 1785 1837 constare

147 1863 283 1905 potest,
312 1863 342 1895 si
367 1872 496 1896 verum
528 1863 669 1901 dicunt,
698 1862 866 1895 ordinem
891 1861 983 1893 mihi
1008 1862 1291 1904 presbyteratus
1316 1861 1482 1894 ablatum
1507 1860 1722 1899 asserend0‚
1742 1861 1784 1892 ut

148 1918 346 1952 ecelesiam
361 1927 467 1951 suam
484 1917 576 1950 mihi
594 1917 700 1958 quasi
728 1917 894 1949 officium
919 1916 1073 1949 habenti
1092 1915 1330 1949 locaverint?
1360 1917 1435 1949 Aut
1467 1916 1495 1947 si
1528 1923 1616 1947 vere
1641 1914 1787 1947 locave-

148 1974 236 2013 rint,
252 1973 437 2015 quomodo
455 1973 642 2005 constabit
655 1981 736 2004 esse
750 1980 881 2004 verum
900 1972 997 2012 quod
1017 1972 1171 2004 dicunt?

192 2028 305 2062 Aliud
337 2037 486 2070 quoque
511 2028 716 2069 subjiciunt
733 2026 952 2069 capitulum,
972 2028 1069 2068 quod
1089 2026 1181 2059 mihi
1210 2027 1247 2058 in
1273 2025 1433 2059 concilio
1458 2025 1630 2068 generali
1647 2034 1786 2058 sermo-

149 2094 234 2118 nem
266 2093 340 2117 non
369 2085 472 2125 jusso
501 2084 654 2116 facienti
688 2082 904 2116 Alexander
938 2082 1134 2124 episcopus
1164 2083 1294 2124 postea
1326 2081 1519 2114 silentium
1551 2081 1786 2123 imposuerit.

150 2139 256 2178 Quod
283 2140 424 2173 etenim
456 2139 644 2180 superiori
664 2147 794 2171 eorum
815 2138 1002 2170 sententie
1019 2138 1326 2170 manifestissime
1344 2137 1488 2170 obviari
1506 2137 1784 2178 comprobatur.

151 2195 189 2228 Si
206 2195 319 2234 enim,
338 2196 380 2227 ut
397 2195 514 2233 aiunt,
533 2194 657 2226 officio
683 2194 862 2235 privatus,
893 2193 929 2225 id
957 2193 1080 2226 denuo
1106 2202 1285 2234 usurpare
1303 2193 1578 2234 presumebam,
1603 2192 1789 2233 quomodo

150 2249 243 2282 mihi
261 2250 367 2291 quasi
385 2250 607 2292 presbytero
631 2249 848 2291 impositum
874 2251 929 2281 cst
954 2248 1160 2288 silentium,
1187 2249 1251 2290 qui
1276 2249 1401 2290 potius
1428 2248 1473 2281 de
1498 2248 1622 2281 officio
1648 2249 1788 2281 temere

151 2302 231 2338 sine
247 2305 367 2348 gradu
385 2306 603 2347 presumpte
633 2303 789 2346 pulsari,
821 2304 932 2346 argui
956 2305 993 2337 et
1015 2303 1178 2345 judicari
1204 2303 1408 2336 debueram
1421 2305 1433 2336 ’ἔ
1462 2302 1643 2335 Advertat
1670 2303 1789 2344 igitur

152 2360 358 2402 prudenter
375 2360 495 2394 omnis
523 2360 694 2393 eruditus
719 2360 756 2392 et
773 2359 922 2401 sapiens
946 2359 1196 2392 accusationis
1221 2358 1332 2400 hujus
1357 2358 1660 2391 criminationem
1685 2358 1722 2390 in
1748 2367 1788 2390 se

151 2415 233 2458 ipso
245 2415 416 2456 divisam,
436 2415 641 2448 secundum
666 2414 872 2448 Salvatoris
890 2414 1054 2447 edictum
1088 2413 1204 2456 digne
1237 2413 1491 2452 desolandam,
1527 2413 1789 2454 sententiaque

152 2479 266 2512 super
282 2471 508 2503 sententiam
537 2470 750 2509 corruente,
771 2479 843 2502 non
863 2469 957 2502 alios
974 2478 1086 2511 quam
1111 2469 1169 2502 sui
1194 2470 1400 2502 assertores
1424 2477 1533 2510 posse
1559 2467 1789 2510 opprimere.

153 2525 261 2559 Unde
293 2527 417 2559 autem
447 2526 682 2558 occasionem
714 2525 923 2568 derogandi
957 2525 1184 2566 acceperint,
1219 2534 1291 2556 non
1324 2524 1549 2556 abscondam
1573 2533 1595 2556 a
1628 2522 1788 2556 concilio

153 2584 291 2614 vestro.
310 2580 392 2624 Ego
417 2581 600 2622 quaedam
627 2582 712 2614 ante
731 2580 875 2622 aliquot
900 2589 1018 2613 annos
1046 2581 1155 2613 caute
1183 2580 1369 2620 instituta,
1387 2579 1533 2612 utiliter
1558 2578 1789 2620 aliquamdiu

153 2637 314 2676 servata,
330 2637 419 2669 tunc
436 2645 524 2669 vero
544 2637 724 2678 temporis
749 2636 899 2678 penitus
917 2634 1092 2679 neglecta
1108 2638 1145 2668 et
1162 2634 1352 2673 convulsa,
1379 2644 1446 2676 per
1461 2634 1664 2667 concilium
1681 2633 1787 2673 illud,

155 2692 201 2725 de
218 2701 291 2733 quo
309 2691 448 2734 agitur,
464 2693 501 2724 et
518 2692 551 2724 ei
566 2691 820 2733 presidentem
838 2690 1210 2733 episcopum‚sitiens
1224 2692 1261 2723 et
1275 2699 1429 2732 sperans
1443 2699 1551 2732 posse
1569 2691 1789 2730 restaurari,

155 2746 400 2789 pronunciavi
435 2747 744 2789 presbyterorum
785 2746 882 2780 filios
917 2748 1049 2779 contra
1083 2754 1269 2779 canonum
1308 2746 1540 2779 sanctionem
1579 2748 1617 2779 et
1646 2755 1790 2779 morem

198 2918 246 2962 (1)
269 2918 358 2952 Hier
370 2918 539 2961 schijnen
565 2920 627 2961 mij
647 2920 781 2963 eenige
798 2919 975 2954 woorden
993 2919 1087 2952 door
1104 2919 1175 2952 den
1194 2917 1416 2961 afschrfiver
1439 2917 1476 2951 in
1504 2916 1529 2950 ‘t
1553 2916 1789 2950 handsehrift

157 2973 428 3019 overgeslagen
446 2977 483 3009 te
499 2976 569 3017 ziJn
584 2978 760 3018 geweest.
