2050 3470
261 277 304 308 26
900 273 1035 307 ANNO
1062 274 1245 307 1175-1177

263 389 306 428 te
330 385 478 428 treden
499 384 582 427 dan
607 385 633 427 ’t
655 384 806 428 woord
828 383 943 426 Gods
966 385 1056 428 niet
1077 385 1339 442 aandachtig
1362 388 1406 429 te
1428 387 1676 430 aanhooren
1699 404 1709 440 3
1734 387 1883 431 alsook

262 455 336 497 dat
359 455 416 511 hij
444 455 517 496 het
536 454 657 496 lezen
681 467 762 495 van
783 453 1022 496 zielmissen
1047 467 1098 508 op
1117 453 1198 496 den
1223 454 1434 510 maandag
1458 469 1541 499 van
1566 456 1707 499 iedere
1738 456 1878 508 week‚

261 538 338 565 een
364 522 544 578 gebruik
569 523 645 564 der
667 522 828 571 streek,
859 536 936 564 zou
962 522 1127 564 hebben
1152 522 1409 578 afgeschaft.
1446 524 1619 567 Andere
1640 524 1883 568 beschuldi-

259 593 418 646 {singen
452 592 538 633 laat
564 591 621 647 hij
648 590 962 646 onbesproken,
991 590 1135 634 omdat
1158 591 1217 648 hij
1255 605 1301 634 ze
1335 592 1458 634 reeds
1482 593 1741 636 ontzenuwd
1765 594 1884 638 heeft

262 662 304 703 in
336 661 448 717 zijne
475 660 768 707 Querimonicz
787 673 838 701 en
858 659 901 700 in
926 659 1007 715 zijn
1034 660 1376 716 Antiyraphum
1400 662 1546 712 Petri,
1574 675 1780 705 waarvan
1804 676 1884 705 een

261 729 460 771 afschrift
483 743 561 770 aan
588 729 668 770 den
694 742 799 783 paus
823 728 943 770 werd
967 727 1264 783 aangeboden.
1302 729 1626 786 Herhaaldelijk
1650 730 1885 788 vergelijkt

260 797 513 840 Lambertus
536 798 620 853 ziJn
644 797 768 852 geval
792 801 877 839 met
899 796 1111 840 Christus'
1134 797 1257 839 leven
1283 811 1336 839 en
1361 798 1508 854 lijden.

306 890 421 922 Multa
446 890 641 922 adversum
666 898 723 922 me
756 891 842 922 ante
867 889 934 921 hos
963 890 1041 921 dies
1070 889 1107 921 in
1133 890 1322 931 presentia
1350 891 1473 923 vestra
1500 890 1629 923 videns
1662 891 1699 923 et
1729 891 1884 924 audiens

261 946 399 986 scripta
416 948 448 977 et
470 946 637 983 recitata,
664 945 750 977 tunc
780 945 930 985 quidem
947 944 993 976 ad
1010 944 1162 986 singula
1177 945 1404 986 respondere
1431 955 1503 977 non
1530 946 1647 987 potui.
1674 946 1762 987 quia
1777 955 1882 979 more

259 1001 355 1032 vasis
374 1001 571 1041 angustum
597 999 770 1031 habentis
794 999 1002 1038 introitum,
1029 999 1227 1031 infusionis
1252 999 1469 1032 assiduitate
1495 999 1604 1032 simul
1629 1002 1666 1032 et
1691 1000 1884 1033 nimietate

259 1056 469 1096 obpressus.
489 1055 618 1096 paucis
634 1054 804 1094 retentis,
823 1053 994 1095 plurimis
1012 1053 1161 1095 elapsiS‚
1181 1054 1226 1086 ad
1244 1055 1341 1095 quod
1360 1055 1594 1095 potissimum
1618 1055 1883 1096 responderem

259 1111 296 1142 in
314 1111 486 1151 promptu
506 1118 578 1141 non
596 1109 721 1141 habui.
743 1110 790 1142 At
807 1109 957 1141 domum
976 1117 1148 1141 reversus
1174 1109 1344 1151 dispersa
1367 1118 1514 1151 queque
1538 1110 1620 1152 cepi
1643 1109 1882 1152 recolligere,

259 1172 293 1198 et
311 1166 386 1206 jam
404 1164 449 1197 ad
467 1164 617 1206 singula
633 1165 786 1206 paratus
804 1164 911 1196 venio
930 1165 1172 1206 respondere.

302 1220 390 1252 Erat
421 1220 538 1262 igitur
562 1219 613 1251 ibi
631 1219 807 1260 primum,
837 1221 877 1250 ut
905 1218 1043 1258 recolo,
1066 1220 1163 1260 quod
1193 1220 1238 1252 de
1262 1218 1455 1252 humiliori
1480 1219 1589 1262 plebe
1613 1221 1650 1253 et
1667 1219 1824 1261 stolidis,
1843 1220 1884 1252 ut

258 1276 407 1313 dieitur,
425 1274 644 1316 parentibus
662 1275 770 1306 natus
788 1283 920 1307 essem.
940 1274 1037 1307 Ecce
1056 1283 1166 1315 quani
1183 1275 1419 1314 rationabile,
1446 1283 1532 1308 ecce
1550 1284 1661 1313 Quam
1684 1274 1883 1308 honestum

259 1331 479 1362 invectionis
508 1329 761 1371 principium!
788 1329 885 1362 unde
911 1330 1045 1362 merito
1071 1338 1092 1362 a
1116 1329 1347 1370 sapientibus
1375 1330 1515 1363 dictata
1537 1331 1574 1362 et
1604 1331 1731 1363 cetera
1758 1330 1884 1363 omnia

257 1386 372 1427 digna
397 1385 467 1418 tide
493 1385 685 1417 continere
704 1385 815 1426 digne
836 1385 884 1416 sit
912 1385 1109 1417 credenda.
1137 1385 1270 1416 Annon
1295 1394 1340 1417 ex
1365 1394 1438 1417 uno
1458 1384 1608 1418 homine
1625 1385 1881 1418 universitatis

257 1441 429 1472 conditor
457 1441 555 1472 Deus
588 1448 697 1472 omne
722 1439 917 1471 hominum
934 1448 1053 1481 genus
1082 1439 1295 1472 inhabitare
1328 1440 1418 1472 fecit
1446 1448 1559 1481 super
1589 1440 1725 1473 faciem
1749 1440 1879 1473 terre?

259 1496 445 1536 Numquid
464 1505 536 1527 non
556 1495 673 1527 David
690 1503 823 1537 regum
848 1493 963 1526 Israel
982 1493 1276 1536 gloriosissimus
1294 1493 1497 1535 opilionem
1520 1503 1559 1527 se
1588 1495 1704 1527 fuisse
1720 1495 1879 1527 testatur

256 1551 406 1583 dicens:
439 1565 453 1576 ιε
468 1549 595 1592 Elegit
624 1549 742 1582 David
767 1558 915 1581 servum
940 1557 1047 1581 suum
1072 1549 1109 1581 et
1133 1548 1283 1581 sustulit
1311 1558 1395 1581 eum
1420 1549 1465 1581 de
1490 1549 1670 1591 gregibus
1699 1543 1875 1583 oviumZn

255 1607 344 1645 Quis
363 1614 510 1647 quoque
528 1613 691 1646 unquam
709 1605 919 1646 sapientum
934 1612 1133 1646 personam
1147 1603 1354 1644 quamlibet
1371 1613 1519 1637 mensus
1534 1605 1589 1637 est
1605 1613 1651 1636 ex
1665 1604 1880 1646 parentela?

256 1663 310 1694 Ne
329 1660 527 1703 gentilium
556 1659 771 1701 philosophi
795 1659 957 1700 quidem.
989 1659 1061 1692 Sed
1094 1660 1130 1691 et
1155 1659 1236 1700 ipsa
1264 1659 1412 1691 Veritas
1443 1658 1669 1692 incarnando
1693 1659 1880 1702 virginem

253 1716 403 1758 quidem
421 1717 591 1754 matrem,
618 1714 715 1756 quod
733 1723 841 1746 nemo
868 1723 888 1746 a
913 1714 1047 1746 natura
1063 1723 1136 1746 non
1161 1713 1287 1753 habet,
1314 1714 1378 1746 sed
1403 1723 1476 1746 non
1501 1714 1672 1756 reginam
1690 1715 1753 1746 aut
1776 1713 1880 1756 regis

254 1771 381 1811 liliam,
408 1781 480 1803 nen
509 1771 721 1812 principum
738 1770 849 1811 hujus
874 1769 960 1802 solii
980 1770 1019 1811 (22)
1053 1770 1204 1802 affinem
1228 1770 1436 1811 prudenter
1468 1770 1630 1812 elegisse
1659 1769 1800 1813 legitur
1816 1770 1880 1803 aut

251 1827 427 1864 creditur,
448 1826 560 1867 huJus
583 1825 759 1858 vanitatis
777 1825 981 1857 sectatores
1000 1826 1098 1857 facto
1124 1824 1194 1857 hoc
1217 1825 1339 1866 primo
1374 1825 1583 1858 confutans.
1609 1824 1748 1858 Postea
1774 1833 1877 1866 apos-

251 1880 414 1913 tolorum
442 1880 637 1913 electione.
672 1880 826 1914 Vocavit
858 1880 958 1911 enim
989 1879 1034 1911 ad
1063 1880 1297 1912 consortium
1326 1880 1594 1921 predicationis
1623 1888 1696 1912 non
1727 1879 1874 1920 divites,

254 1937 408 1968 Petrum
436 1938 473 1968 et
504 1935 690 1968 Andream
721 1935 939 1976 piscatores,
967 1934 1150 1967 Jacobum
1175 1936 1213 1967 et
1240 1934 1453 1968 Johannem
1481 1934 1724 1967 consobrinos
1746 1934 1876 1976 utique

252 2001 351 2030 suos,
370 1990 480 2023 simul
498 1992 534 2023 et
556 1991 772 2032 piscatores.
794 1990 900 2022 Unde
920 1991 956 2022 et
974 1999 995 2022 a
1009 1989 1141 2022 ‚Iudeis
1166 1990 1436 2031 desipientibus
1453 1989 1705 2031 calumpniam
1721 1989 1878 2031 suscipit

250 2048 324 2078 tam
344 2046 388 2078 de
407 2054 546 2088 genere
564 2054 674 2086 quam
691 2045 737 2077 de
750 2045 1007 2086 predicatione
1026 2054 1033 2076 :
1055 2058 1070 2071 ει
1086 2044 1220 2077 Nonne
1237 2045 1298 2077 hic
1311 2046 1379 2086 est,
1400 2059 1415 2071 u
1428 2045 1614 2086 inquiunt,
1626 2059 1642 2072 n
1657 2045 1764 2077 faber
1776 2043 1876 2076 filius

250 2101 347 2133 fabri
368 2104 376 2133 Ξ
393 2116 407 2128 „
427 2101 474 2132 Et
494 2101 583 2132 item
599 2109 606 2132 ε
629 2114 643 2126 u
659 2100 849 2141 Numquid
863 2099 998 2140 aliquis
1023 2108 1068 2132 ex
1085 2100 1317 2141 principibus
1335 2100 1398 2132 aut
1416 2109 1462 2132 ex
1478 2099 1670 2132 Phariseis
1695 2098 1815 2131 credit
1837 2098 1877 2131 in

250 2158 374 2187 euml„
390 2155 536 2187 Gratias
551 2153 618 2193 illi,
630 2153 717 2195 quia
730 2163 840 2195 quem
853 2154 1028 2195 dignatus
1041 2155 1097 2186 est
1108 2154 1188 2195 ipse
1201 2154 1239 2186 in
1253 2155 1365 2186 terris
1379 2154 1518 2187 habere
1532 2154 1769 2194 nutritorem,
1782 2153 1876 2186 mihi

252 2212 406 2253 indigno
425 2219 530 2242 servo
549 2219 614 2242 suo
633 2210 816 2242 concessit
839 2209 979 2241 habere
1000 2209 1223 2251 genitorem,
1250 2209 1287 2240 id
1306 2210 1361 2242 est
1377 2209 1538 2249 fabrum,
1553 2210 1591 2242 et
1607 2209 1704 2250 quod
1721 2209 1877 2250 pertulit

252 2267 330 2307 ipse
349 2265 651 2307 exprobrationis
668 2274 733 2297 sue
757 2265 802 2297 de
819 2265 971 2306 generis
995 2263 1208 2296 humilitate
1225 2264 1264 2296 et
1280 2264 1547 2305 predicationis
1564 2273 1630 2296 sue
1645 2264 1874 2306 receptione,

252 2324 287 2353 et
306 2320 398 2352 mihi
416 2320 604 2353 immerito
621 2319 772 2352 donavit
789 2319 931 2351 audire.
952 2318 1234 2360 Improperatur
1250 2319 1351 2352 enim
1375 2318 1480 2358 mihi,
1506 2319 1604 2360 quod
1620 2319 1666 2351 de
1681 2318 1875 2352 humiliori

251 2375 360 2417 plebe
379 2375 558 2407 oriundus
577 2374 659 2414 sim,
679 2375 777 2416 quod
807 2374 1104 2414 predicationem
1131 2382 1253 2406 meam
1270 2374 1437 2406 textores
1465 2374 1502 2406 et
1535 2373 1716 2415 pellifices
1740 2374 1778 2406 et
1800 2383 1875 2406 non

252 2430 388 2471 aliquis
406 2439 451 2462 ex
468 2431 700 2472 principibus
714 2430 913 2471 receperit,
927 2430 1032 2470 quasi
1047 2431 1146 2461 artes
1160 2428 1333 2461 humanis
1346 2429 1473 2461 usibus
1491 2429 1702 2462 necessarie
1714 2429 1753 2462 in
1766 2428 1876 2471 culpa

250 2486 336 2523 sint,
360 2494 431 2517 non
450 2487 614 2526 peecata.
634 2485 740 2518 Unde
758 2484 849 2517 mihi
874 2484 967 2516 illud
986 2483 1187 2517 Psalmiste
1206 2483 1440 2525 aliquatenus
1457 2493 1666 2526 congruere
1682 2484 1847 2516 arbitror
1863 2494 1871 2516 ε

253 2554 267 2566 u
287 2540 522 2581 Improperia
539 2540 847 2582 exprobrantium
864 2539 933 2572 tibi
953 2539 1170 2572 ceciderunt
1185 2548 1298 2581 super
1312 2548 1383 2571 me.
1401 2554 1416 2567 n
1436 2539 1527 2571 Dico
1544 2547 1635 2580 ergo
1655 2547 1663 2571 :
1684 2538 1763 2571 Nisi
1787 2540 1875 2581 quia

252 2595 431 2626 Dominus
450 2598 530 2627 erat
548 2596 585 2627 in
600 2595 720 2634 nobis,
736 2595 805 2628 hec
821 2595 953 2628 eadem
970 2595 1008 2626 in
1026 2603 1065 2627 se
1082 2594 1406 2636 permonstrando,
1424 2594 1582 2626 forsitan
1599 2595 1746 2626 torrens
1763 2593 1874 2635 hujus

251 2650 434 2681 sententie
451 2650 705 2683 absorbuisset
722 2659 800 2682 nos.

296 2704 340 2735 Et
359 2703 503 2736 stolidis
522 2705 706 2745 inquiunt,
725 2706 766 2737 ut
782 2705 931 2743 dicitur,
957 2704 1187 2746 parentibus.
1213 2703 1260 2736 Et
1277 2713 1389 2746 super
1406 2704 1475 2736 hec
1503 2704 1720 2737 benedicam
1745 2704 1873 2737 Domi-

253 2767 339 2789 num
357 2759 393 2790 in
412 2760 511 2792 omni
529 2762 710 2801 tempore,
739 2760 837 2800 quod
861 2768 982 2800 neque
1006 2759 1123 2792 scitur
1139 2768 1259 2800 neque
1284 2760 1422 2792 dicitur
1446 2759 1586 2792 mechis
1603 2758 1660 2792 vel
1679 2758 1872 2798 adulteris,

252 2814 385 2845 invidis
403 2816 466 2846 aut
490 2815 698 2856 rapacibus,
715 2814 912 2848 homicidis
929 2815 993 2847 aut
1011 2814 1169 2847 furibus.
1186 2814 1389 2847 Deridetur
1413 2814 1525 2854 enim,
1544 2816 1584 2847 ut
1608 2814 1661 2847 ait
1674 2813 1760 2854 Job,
1781 2814 1873 2856 justi

250 2868 468 2909 simplicitas
486 2869 650 2910 insuper‚
670 2871 711 2902 ut
728 2869 850 2908 audio,
878 2870 915 2902 et
939 2869 1124 2902 stoliditas
1149 2870 1386 2911 nuncupatur
1409 2868 1551 2910 lampas
1575 2870 1752 2902 contenta
1774 2869 1872 2910 apud

247 2924 494 2965 cogitationes
519 2923 687 2955 divitum.
714 2923 807 2956 Veni
836 2925 873 2956 et
905 2926 957 2964 tu,
990 2933 1052 2956 vas
1084 2923 1257 2963 electum,
1295 2923 1425 2956 doctor
1458 2923 1628 2965 gentium
1658 2923 1696 2956 in
1729 2924 1802 2957 fide
1833 2925 1870 2957 et

247 2979 417 3018 veritate,
457 2978 516 3011 dic
555 2978 695 3022 aliquid
730 2978 868 3020 divine,
902 2988 974 3013 non
1007 2978 1170 3013 humane
1204 2979 1388 3012 sententie
1406 2990 1416 3020 ς
1442 2979 1513 3018 die,
1555 2987 1692 3023 quaeso
1726 2978 1868 3023 aliquid
