2050 3470
787 248 924 285 ANNO
950 249 1034 283 1397
1664 249 1726 283 173

86 361 160 407 abt
175 375 260 406 van
279 361 523 419 Dikningen
544 360 622 420 (l),
647 374 752 405 over
770 361 822 405 de
839 362 1120 420 levenswij2e
1138 361 1216 405 der
1235 360 1445 403 Broeders
1468 373 1521 403 en
1542 361 1719 404 Zusters

89 445 172 475 van
196 433 273 475 het
303 445 509 488 gemeene
543 432 683 474 leven.
711 430 1003 489 —(Dezelfde
1036 445 1170 474 zeven
1205 442 1369 486 vragen
1403 429 1579 473 werden
1615 430 1714 473 hem

85 501 254 558 gesteld
276 501 340 544 als
361 514 445 543 3311
479 501 560 543 den
595 500 734 544 deken
771 500 1025 545 Everardus
1056 501 1168 543 Foec
1202 513 1285 542 van
1309 499 1531 555 Utrecht).
1559 498 1621 555 Op
1653 499 1721 542 die

85 583 220 613 zeven
253 572 418 625 punten
453 569 569 625 geeft
602 570 661 628 hij
697 583 774 612 een
814 570 994 626 gunstig
1032 569 1275 619 antweord,
1320 568 1412 611 zich
1450 568 1720 625 beroepende

86 652 139 695 op
161 639 329 683 allerlei
353 638 548 682 teksten.

127 731 299 776 Sequitur
309 733 486 775 scriptum
510 730 728 765 venerabilis
750 736 783 765 et
806 741 942 775 maync
966 731 1171 776 eloquencie
1195 731 1266 764 viri
1289 735 1321 764 et
1347 729 1491 764 domini
1513 729 1655 764 abbatis
1678 732 1721 763 iu

85 785 362 830 Dyckeninyhe,
402 786 560 820 doctoris
598 788 638 820 in
675 786 841 829 decretis,
866 798 978 831 super
1019 786 1241 832 quibusdam
1275 785 1522 830 questionibus
1560 786 1720 830 inferius

83 843 272 878 annotatis
293 847 325 876 ec
351 843 575 886 conscriptis.

126 907 321 947 Quesitum
337 909 394 942 est
410 907 515 948 mihi,
534 910 672 950 utrum,
691 909 772 943 sine
792 909 936 943 offensa
952 909 1057 948 iuris,
1078 910 1147 942 etc.
1171 910 1228 951 (2).

125 964 181 997 Ad
198 963 268 997 hec
285 965 411 997 omnia
425 973 492 1006 pro
510 973 592 997 meo
612 973 746 1006 sapere
762 966 801 998 et
824 965 965 998 sentire
994 964 1154 1007 singulis
1181 964 1343 998 sollicite
1368 963 1573 1007 diligencia
1601 972 1713 1006 quam

82 1019 187 1061 potui
205 1019 382 1052 discussis
400 1020 437 1052 et
453 1019 679 1052 examinatis
697 1028 742 1053 ea
758 1028 831 1061 que
850 1020 1058 1060 sequuntur
1074 1020 1266 1062 respondi.

125 1074 182 1108 Ad
206 1075 381 1117 primum,
403 1075 502 1116 quod
521 1084 528 1106 :
548 1076 624 1108 Aut
639 1075 813 1117 premissi
831 1074 1000 1108 homines
1017 1075 1146 1107 vivunt
1163 1076 1199 1108 et
1223 1074 1440 1108 cohabitant
1463 1073 1718 1117 collegialiter

83 1131 148 1164 aut
177 1129 474 1163 conventualiter
505 1139 573 1172 per
613 1139 711 1163 noue
751 1129 951 1173 religionis
988 1131 1287 1172 assumpcionem
1322 1129 1381 1163 vel
1413 1129 1534 1163 illiciti
1566 1129 1715 1173 collegij

81 1186 377 1225 institucionem,
396 1185 467 1218 hoc
484 1187 539 1219 est
558 1186 589 1218 si
614 1185 830 1227 superiores
855 1185 1013 1228 eligant,
1038 1186 1311 1227 professionem
1334 1185 1475 1218 faciant
1498 1184 1555 1218 vel
1581 1194 1717 1218 nouam

81 1240 253 1284 regulam
269 1241 471 1281 assumant,
486 1242 524 1274 et
540 1242 629 1273 tune
646 1242 702 1273 est
719 1240 895 1274 illicitum
912 1242 950 1274 et
966 1250 1034 1283 per
1051 1241 1178 1274 sedem
1195 1240 1439 1283 apostolicam
1457 1241 1712 1283 reprobatum,

81 1297 189 1329 extra
215 1296 262 1329 de
289 1295 414 1338 religi.
444 1296 502 1328 do.
530 1306 563 1329 c.
588 1297 645 1330 Ne
668 1297 787 1329 nimia
815 1304 847 1329 e.
875 1297 916 1328 ti.
943 1306 974 1328 c.
1009 1295 1118 1329 Unico
1148 1295 1190 1328 li.
1214 1296 1262 1338 vj.
1300 1297 1338 1329 et
1376 1297 1415 1328 in
1443 1297 1717 1339 extrauagante

78 1350 263 1385 -Johannis
301 1351 376 1393 xxij
406 1350 541 1385 Sancta
567 1351 740 1385 Romana
767 1351 851 1392 §de
868 1350 983 1384 colle.
1003 1350 1072 1383 illi.
1100 1350 1124 1383 1.
1145 1361 1173 1383 s.
1205 1352 1281 1384 Aut
1308 1351 1440 1384 viuunt
1466 1360 1535 1393 per
1566 1351 1718 1384 modum

80 1405 264 1449 simplicis
281 1407 472 1439 societatis
491 1407 527 1440 et
543 1406 722 1439 unionem
740 1407 909 1439 fraterne
927 1406 1096 1439 caritatis
1125 1406 1205 1439 sine
1233 1406 1431 1449 religionis
1456 1406 1717 1448 assumpcione

79 1461 139 1495 vel
155 1461 280 1503 illicitj
299 1461 450 1504 collegij
470 1462 760 1503 constitucione,
779 1463 816 1494 et
833 1462 922 1495 tunc
948 1462 1006 1495 est
1033 1462 1184 1494 omnino
1214 1461 1359 1494 licitum
1388 1463 1426 1494 et
1454 1462 1715 1504 meritorium;

79 1518 214 1559 probat
254 1518 449 1560 extrauag.
501 1517 675 1560 Gregorij
713 1517 748 1559 xj
797 1516 857 1550 Eoe
905 1518 1084 1557 iniuncto,
1118 1517 1312 1558 Benedietj
1363 1517 1414 1558 xij
1459 1517 1573 1551 Recta
1603 1518 1718 1558 racio,

80 1572 266 1614 Bonifacij
292 1572 331 1604 ix
353 1572 413 1605 Εοσ
435 1573 612 1605 iniuncto.
639 1573 678 1606 Si
702 1572 853 1614 quidem
879 1573 1000 1605 omnis
1027 1572 1235 1605 amicabilis
1253 1572 1412 1605 societas
1433 1572 1584 1605 videtur
1599 1571 1717 1614 licita,

80 1627 280 1661 dummodo
296 1628 422 1672 legem
438 1628 627 1671 publicam
656 1638 730 1661 non
754 1630 972 1670 corrumpat
991 1628 1053 1661 uel
1079 1627 1182 1661 aliud
1206 1627 1382 1660 illicitum
1407 1628 1540 1660 contra
1566 1629 1717 1660 senatus

79 1680 272 1714 consultus
288 1683 456 1724 usurpet,
474 1683 516 1715 ut
532 1683 638 1714 notat
655 1681 761 1715 Host.
780 1682 819 1714 in
836 1690 995 1723 summa,
1012 1680 1054 1713 li.
1073 1691 1101 1713 s.
1121 1690 1154 1713 r.
1172 1680 1226 1714 De
1241 1678 1392 1724 syndico
1410 1680 1433 1721 g
1451 1679 1482 1722 1,
1501 1680 1540 1713 in
1558 1680 1632 1713 fine
1649 1689 1718 1722 per

77 1736 104 1769 l.
120 1735 189 1770 ult.
207 1737 230 1778 ἓ
253 1737 299 1770 (10
323 1737 432 1770 colle.
459 1737 546 1777 illi.,
564 1747 632 1781 que
660 1741 712 1770 est
735 1738 878 1780 gracia,
897 1738 936 1770 et
962 1737 1072 1770 Inno.
1098 1736 1136 1769 in
1167 1737 1354 1778 apparatu
1384 1736 1504 1769 extra.
1523 1735 1569 1769 de
1592 1744 1714 1769 exces.

76 1791 196 1834 prela.
214 1801 329 1835 super
345 1803 376 1825 0.
396 1791 551 1826 Dilecta.
569 1793 709 1826 Viuere
726 1793 847 1826 eciam
863 1793 902 1825 in
919 1792 1108 1825 communi
1126 1791 1188 1825 lex
1206 1790 1390 1824 naturalis
1409 1791 1547 1824 docuit.
1567 1791 1616 1823 di.
1636 1792 1666 1825 1.
1682 1801 1714 1824 0.

75 1846 147 1881 Jus
161 1846 349 1882 naturale.
368 1848 401 1881 A
417 1847 653 1890 philosophis
677 1857 746 1890 per
774 1847 900 1891 legem
928 1847 1141 1881 naturalem
1168 1846 1346 1880 traditur.
1365 1846 1444 1888 viij.
1463 1846 1513 1878 di.
1531 1855 1563 1879 0.
1581 1845 1717 1889 Differt

77 1902 141 1944 xij.
159 1911 194 1944 q.
213 1902 238 1935 i.
257 1912 288 1935 0.
318 1901 584 1936 Dilectissimis.
613 1902 657 1937 In
686 1903 816 1936 diuina
844 1903 1040 1945 Scriptura
1070 1901 1290 1936 consulitur.
1321 1900 1471 1934 Psalmo
1499 1901 1654 1943 cxxxiij⁰
1678 1902 1716 1934 et

77 1956 324 1992 Ecclesiastes
341 1959 428 2001 iiij0.
446 1960 478 1993 A
495 1959 642 1993 Christo
662 1969 747 1992 cum
771 1960 849 1992 suis
876 1958 1071 2001 discipulis
1099 1959 1383 1997 obseruabatur‚
1413 1966 1570 1999 quorum
1596 1956 1714 1990 Judas

76 2013 220 2048 loculos
233 2014 365 2048 habuit
377 2016 415 2048 et
431 2015 685 2048 communium
701 2024 830 2048 rerum
845 2015 1069 2057 procurator
1081 2014 1165 2048 fuit.
1176 2013 1263 2047 Joh.
1274 2014 1354 2055 xiij.
1371 2013 1446 2046 Per
1458 2011 1715 2054 apostolorum

78 2069 293 2112 exemplum
317 2071 354 2103 et
378 2079 447 2112 per
463 2070 624 2104 ecclesie
641 2070 836 2113 primitiue
853 2071 992 2103 statum
1008 2069 1327 2112 perfectissimum
1343 2069 1382 2102 et
1397 2067 1517 2100 omnis
1531 2066 1606 2099 vite
1620 2066 1716 2099 bone

76 2125 329 2158 rectissimum
356 2126 618 2168 magisterium
633 2126 877 2168 approbatur.
898 2126 948 2167 xij
968 2135 1003 2167 q.
1022 2125 1046 2158 i.
1065 2135 1096 2158 0.
1116 2123 1367 2159 Dilectissimis
1396 2124 1434 2156 et
1449 2123 1611 2156 Actuum
1627 2121 1714 2163 iiij0.

77 2179 332 2213 Multitudinis
348 2180 588 2214 credencium
615 2182 698 2214 erat
721 2189 787 2213 cor
813 2189 930 2214 unum
953 2181 992 2213 et
1021 2180 1147 2213 anima
1169 2188 1256 2218 una,
1277 2187 1346 2212 nec
1367 2176 1566 2219 quisquam
1583 2183 1715 2208 eorum

75 2244 148 2276 que
175 2235 392 2278 possidebat
417 2235 560 2277 aliquid
591 2245 700 2269 suum
733 2245 815 2269 esse
845 2236 1007 2275 dicebat,
1037 2236 1075 2268 et
1091 2236 1199 2268 erant
1222 2233 1300 2267 illis
1328 2232 1460 2266 omnia
1487 2230 1715 2263 eommunia.

76 2289 201 2332 Igitur
235 2292 342 2324 extra
376 2290 603 2333 religionem
643 2292 682 2324 in
713 2290 902 2324 communi
943 2290 1073 2323 viuere
1105 2299 1178 2322 non
1211 2290 1268 2322 est
1295 2288 1490 2320 dissonum
1521 2286 1715 2327 Scripture

76 2344 134 2378 vel
152 2346 413 2379 consuetudini
431 2346 604 2386 ecclesie,
635 2347 699 2380 sed
727 2347 763 2379 in
794 2345 955 2380 ecclesia
982 2344 1092 2378 valde
1118 2345 1321 2382 usitatum3
1352 2344 1451 2376 unde
1469 2343 1507 2376 et
1523 2341 1652 2375 clerici
1669 2341 1714 2374 de

74 2401 160 2443 jure
183 2402 372 2434 communi
395 2402 598 2435 secundum
627 2402 807 2444 quosdam
834 2402 972 2435 debent
999 2401 1126 2434 viuere
1154 2400 1194 2432 111
1221 2399 1409 2432 communi
1438 2407 1506 2441 per
1529 2407 1561 2430 0.
1584 2396 1711 2436 Quem,

77 2456 195 2489 extra.
211 2456 257 2489 de
273 2456 350 2489 vita
378 2457 416 2489 et
442 2455 502 2490 ho.
522 2455 615 2490 cleri
643 2457 693 2498 xij
721 2466 755 2498 q.
781 2457 807 2490 t.
836 2455 912 2490 Per
938 2454 1073 2495 multa,
1092 2465 1122 2487 0.
1154 2455 1227 2496 xvj.
1257 2464 1291 2496 q.
1323 2453 1495 2486 Decimus
1525 2452 1642 2494 xxxij.
1661 2452 1711 2485 di.

77 2509 211 2544 Preter
238 2509 314 2544 hec.

119 2630 164 2675 (1)
195 2631 477 2675 Dgfikeninyhe,
516 2631 626 2664 thans
667 2630 894 2675 Dikninyen‚
939 2631 1101 2675 gelegen
1145 2639 1192 2672 op
1231 2628 1296 2662 het
1338 2628 1602 2672 grondgebied
1641 2627 1708 2661 der

73 2688 271 2728 gemeente
286 2687 332 2720 de
349 2687 454 2729 Wijk
468 2687 584 2729 (prov.
601 2686 794 2728 Drenthe),
809 2696 971 2730 vroeger
994 2695 1087 2720 00110
1111 2685 1210 2727 abdij
1230 2694 1276 2718 en
1295 2683 1404 2717 thans
1422 2692 1492 2717 een
1505 2682 1706 2726 landgoed.

119 2740 164 2783 (2)
197 2741 291 2774 Hier
321 2741 457 2784 volgen
485 2741 610 2775 schier
636 2741 820 2784 letterlijk
849 2742 895 2775 de
924 2750 1036 2775 zeven
1062 2749 1218 2783 vragen,
1247 2739 1308 2772 die
1333 2747 1404 2772 3311
1422 2738 1487 2772 het
1503 2737 1619 2771 hoofd
1636 2746 1708 2771 van

76 2795 141 2830 het
155 2798 278 2830 eerste
306 2796 457 2831 oordeel
481 2806 551 2830 van
579 2797 791 2830 Everardus
821 2797 920 2831 Foec
948 2796 1178 2830 voorkomen
1206 2794 1275 2838 (zie
1303 2793 1509 2827 hierboven
1539 2802 1606 2826 ons
1623 2792 1710 2825 stuk

77 2857 116 2884 nr
133 2852 206 2893 109,
225 2851 294 2885 blz.
312 2852 410 2895 160);
437 2853 619 2886 nochtans
636 2853 756 2886 werdt
783 2852 868 2886 hier
892 2853 937 2886 de
965 2852 1125 2886 zevende
1141 2859 1258 2893 vraag
1279 2851 1317 2883 in
1333 2850 1449 2883 dezen
1467 2847 1710 2893 gewijzigden

76 2915 182 2940 vorm
205 2916 425 2952 opgegeven
445 2919 452 2941 :
481 2921 495 2938 ι
516 2909 693 2951 Septimo,
722 2909 850 2941 utrum
877 2917 990 2950 super
1015 2907 1208 2950 premissis
1236 2905 1294 2939 vel
1319 2905 1506 2939 similibus
1537 2902 1709 2938 articulis

77 2961 270 3004 inquirere
289 2964 335 2998 ad
352 2964 516 2998 officium
533 2965 720 3007 pertineat
734 2964 970 3007 jnquisitoris
987 2963 1156 2997 heretice
1171 2961 1383 3004 prauitatis.
1409 2974 1422 2990 n
