2050 3470
289 307 352 340 110
917 305 1054 340 ANNO
1079 304 1268 340 1349-1350

290 416 569 450 remanentibus
599 415 718 449 cereis
750 415 787 448 in
826 414 917 448 locis
944 415 1180 458 supradictis.
1202 415 1250 450 Et
1277 417 1330 449 sic
1358 418 1590 451 revertentes
1621 426 1704 451 cum
1742 417 1912 461 predicta

290 473 526 506 ordinatione
541 474 662 505 vestes
675 480 760 505 suas
777 472 1028 512 assumebant,
1037 472 1075 505 et
1090 472 1169 505 ibat
1183 472 1437 514 unusquisque
1451 473 1497 506 ad
1509 482 1576 507 sua
1593 482 1708 516 opera
1722 473 1906 508 facienda.

331 527 545 560 Transactis
562 529 687 560 autem
710 535 843 559 novem
859 526 990 559 diebus
1006 526 1267 568 processionis,
1285 526 1431 560 decima
1454 527 1514 561 die
1537 536 1674 571 magna
1696 536 1784 570 pars
1807 528 1906 562 dicte

288 582 477 616 societatis
493 581 531 614 in
547 580 677 614 habitu
701 590 768 614 suo
791 580 1039 623 penitentiali,
1064 589 1174 614 mane
1197 581 1325 614 audita
1347 582 1472 622 missa,
1497 582 1646 616 iverunt
1671 583 1716 616 ad
1740 582 1906 617 Montem

287 639 323 672 S.
338 636 523 675 Autberti‚
540 636 578 669 et
593 635 788 668 redierunt
803 635 1041 669 devotissime
1055 643 1094 668 se
1116 637 1291 678 gerentes
1306 637 1343 669 et
1359 635 1632 678 aliquantulum
1649 638 1904 672 verberantes.

288 692 531 725 Devotionem
557 689 684 732 populi
715 690 752 722 in
780 689 857 722 illis
873 690 1004 722 diebus
1031 699 1104 722 non
1131 689 1295 723 valerem
1320 691 1484 724 scribere
1509 693 1572 724 aut
1597 700 1789 733 enarrare,
1819 693 1908 735 quia

286 746 395 779 multi
420 746 591 779 fecerunt
614 745 750 777 dictam
774 745 1020 786 penitentiam
1037 745 1158 778 eundo
1182 744 1228 778 ad
1245 745 1385 778 dictum
1398 745 1565 779 Montem
1588 746 1624 780 S.
1649 746 1823 780 Autberti
1838 755 1908 789 per

286 802 452 843 spacium
466 800 623 843 triginta
636 799 751 832 trium
767 799 924 832 dierum.
944 799 977 832 N
981 808 1022 832 ec
1035 801 1092 832 est
1107 800 1414 843 pretereundum,
1438 801 1537 842 quod
1560 801 1599 833 in
1615 799 1691 833 illis
1708 801 1839 834 diebus
1866 801 1905 834 in

285 856 408 898 patria
424 855 619 888 Hannonie
643 855 681 887 et
702 854 741 887 in
767 854 909 887 circum
932 854 1065 887 vicinis
1088 854 1298 897 parrochiis
1328 856 1432 888 tanta
1456 855 1529 888 suit
1552 855 1752 888 commotio
1775 854 1905 898 populi

284 911 463 950 universi,
481 910 578 952 quod
596 918 664 952 pcr
679 908 897 952 parrochias
912 910 950 942 et
965 910 1163 943 societates
1176 910 1358 952 portando
1372 919 1535 951 crucem,
1559 909 1699 944 vexilla
1714 911 1753 944 et
1775 918 1905 944 cereos

284 967 328 999 ad
355 966 520 999 Montem
537 965 574 999 S.
603 965 778 998 Autberti
795 965 908 999 certis
924 965 1056 999 diebus
1073 966 1270 999 dominicis
1283 967 1322 999 et
1337 966 1483 1000 festivis
1498 965 1780 1005 conveniebant,
1797 965 1835 998 et
1850 964 1903 998 ibi

282 1021 547 1064 predicabatur
569 1021 725 1053 verbum
749 1020 831 1054 Dei.
849 1020 898 1053 Et
925 1020 1051 1054 audivi
1075 1021 1120 1055 ab
1144 1020 1234 1061 illis,
1260 1021 1324 1063 qui
1347 1022 1540 1064 presentes
1557 1021 1677 1061 erant,
1695 1020 1794 1062 quod
1819 1018 1903 1063 plus

281 1085 393 1118 quam
410 1076 539 1109 decem
570 1074 676 1108 milia
698 1084 858 1117 persone
873 1084 947 1108 una
963 1075 1024 1108 die
1041 1076 1181 1109 ibidem
1196 1077 1464 1110 convenerunt.

324 1131 450 1164 Sciant
466 1130 596 1169 futuri,
615 1130 645 1162 si
659 1138 730 1172 ego
747 1129 883 1163 vellem
896 1131 1102 1173 registrare
1115 1131 1252 1171 omnia,
1271 1140 1343 1173 que
1367 1131 1406 1163 in
1422 1130 1500 1163 illis
1525 1130 1656 1164 diebus
1680 1129 1904 1164 eveniebant

281 1186 327 1219 de
348 1185 485 1219 talibus
509 1184 776 1227 penitentibus,
804 1186 843 1218 et
858 1193 930 1226 que
946 1185 992 1218 de
1020 1185 1081 1219 die
1105 1186 1144 1218 in
1178 1186 1278 1219 diem
1303 1185 1533 1226 accidebant,
1566 1194 1635 1218 nec
1666 1185 1803 1218 scirem
1833 1193 1902 1218 nec

279 1238 456 1278 valerem,
471 1240 509 1272 et
535 1238 648 1272 credo
664 1240 702 1271 et
724 1239 835 1272 teneo
859 1239 956 1281 quod
983 1239 1092 1272 multi
1114 1239 1155 1272 in
1182 1239 1300 1273 latino
1325 1241 1363 1273 et
1386 1239 1425 1272 in
1442 1238 1580 1282 gallico
1609 1239 1764 1273 fuerunt
1790 1246 1903 1281 super

279 1293 458 1335 predictis
474 1292 733 1335 registranteS,
752 1294 789 1326 et
806 1293 903 1334 quod
921 1293 1011 1326 scivi
1029 1294 1067 1327 et
1082 1293 1221 1334 audivi,
1239 1293 1335 1326 illud
1351 1293 1564 1336 registravi.

321 1347 369 1381 Et
382 1349 438 1381 cst
454 1347 658 1387 sciendum,
677 1348 775 1388 quod
788 1348 827 1380 in
839 1347 906 1381 illo
923 1357 1020 1381 anno
1039 1349 1112 1381 fuit
1135 1349 1216 1382 dies
1231 1348 1372 1382 natalis
1390 1348 1540 1381 Domini
1552 1348 1591 1380 in
1603 1348 1664 1381 die
1676 1347 1846 1387 Veneris,
1863 1347 1902 1380 et

279 1404 351 1436 fuit
367 1413 486 1437 annus
502 1404 698 1446 incipiens,
716 1404 919 1437 secundum
943 1404 1083 1446 stylum
1100 1405 1206 1438 curie
1222 1405 1430 1445 Romanae,
1456 1414 1478 1438 a
1493 1403 1688 1437 nativitate
1711 1410 1807 1444 quae
1828 1401 1902 1435 fuit

279 1460 358 1493 dies
382 1460 552 1500 Veneris,
570 1461 612 1492 ut
639 1460 779 1493 dictum
803 1462 870 1493 est.
904 1460 952 1493 Et
983 1461 1036 1493 sic
1066 1461 1139 1493 fuit
1163 1470 1282 1494 annus
1311 1460 1666 1503 quinquagesimus3
1694 1459 1732 1492 et
1762 1457 1903 1500 incepit

278 1515 516 1558 indulgentia
533 1514 706 1548 ordinata
722 1524 744 1548 a
757 1515 907 1548 domino
921 1525 1066 1549 summo
1080 1516 1258 1558 pontifice
1278 1515 1468 1549 Clemente
1480 1523 1578 1557 papa
1589 1514 1714 1556 sext-,03
1727 1513 1765 1546 et
1779 1520 1898 1545 cessa-

277 1572 408 1603 verant
431 1569 550 1603 multa
572 1569 698 1611 mala3
724 1570 762 1603 et
777 1569 896 1603 multa
919 1571 1194 1611 referebantur,
1215 1579 1287 1612 que
1299 1569 1414 1603 michi
1437 1579 1511 1602 non
1535 1569 1622 1602 sunt
1644 1568 1724 1601 visa
1738 1566 1899 1610 posteris

274 1624 515 1665 demandare,
529 1624 648 1658 donec
660 1624 798 1657 veritas
816 1625 1038 1668 ignotescat,
1053 1626 1092 1658 et
1103 1625 1158 1658 sic
1174 1624 1433 1668 registrationi
1445 1632 1529 1657 mee
1543 1632 1641 1666 pono
1659 1623 1784 1656 finem.

318 1682 423 1714 Anno
442 1680 574 1713 eodem
590 1679 789 1720 (MCCCL),
815 1680 854 1712 in
867 1679 990 1721 prima
1003 1679 1211 1713 ebdomada
1230 1678 1612 1722 quadragesime,fuit
1626 1676 1898 1720 proclamatum

273 1733 422 1776 publice
438 1734 477 1767 in
493 1735 576 1766 foro
605 1742 650 1767 ex
667 1735 774 1776 parte
792 1734 1089 1776 gubernatorum
1103 1734 1281 1774 civitatis,
1299 1734 1398 1776 quod
1415 1742 1543 1767 omnes
1559 1732 1750 1766 cessarent
1761 1740 1784 1766 a
1798 1731 1898 1764 dicta

272 1788 425 1831 publica
441 1789 651 1831 penitentia
673 1787 885 1822 voluntarie
911 1790 1112 1832 assumpta,
1137 1788 1306 1830 alioquin
1339 1797 1466 1821 omnes
1497 1788 1543 1821 de
1572 1788 1698 1822 cetero
1717 1785 1899 1820 facientes

273 1844 319 1877 ad
347 1852 476 1877 omnes
499 1844 579 1877 dies
614 1843 872 1877 bannirentur.
907 1844 994 1877 Fuit
1011 1845 1125 1878 etiam
1150 1853 1197 1877 ex
1225 1846 1332 1886 parte
1364 1844 1466 1886 regis
1489 1842 1773 1885 proclamatum,
1799 1840 1898 1881 quod

274 1908 402 1932 omnes
419 1900 538 1932 eciam
554 1900 759 1939 cessarent,
779 1899 867 1940 quia
889 1907 957 1932 rex
982 1908 1046 1932 eos
1063 1900 1203 1932 sectam
1219 1899 1376 1932 vocabat
1392 1899 1430 1931 in
1451 1907 1518 1931 sua
1533 1898 1673 1938 littera,
1689 1898 1729 1930 et
1742 1896 1814 1930 hoc
1829 1896 1897 1929 sub

272 1963 369 1997 pena
384 1954 606 1996 perditionis
623 1962 825 1995 corporum
842 1954 880 1986 et
906 1954 1101 1987 bonorum.
1120 1954 1208 1987 Fuit
1233 1954 1353 1988 eciam
1376 1963 1423 1987 ex
1438 1955 1546 1996 parte
1568 1952 1711 1986 domini
1733 1950 1898 1994 episcopi

272 2008 533 2048 Tornacensis,
553 2008 699 2048 decani,
714 2007 868 2050 capituli
896 2010 934 2042 et
952 2008 1251 2052 gubernatorum
1263 2009 1424 2042 civitatis
1440 2009 1719 2049 concordatum,
1743 2007 1843 2050 quod
1857 2007 1897 2040 in

270 2064 434 2097 secunda
450 2063 659 2097 ebdomada
677 2063 978 2106 quadragesime,
1000 2072 1072 2105 que
1108 2063 1181 2097 fuit
1206 2073 1280 2097 nox
1312 2063 1430 2097 sancti
1462 2063 1567 2097 Petri
1593 2063 1641 2097 ad
1666 2062 1896 2102 cathedram,

270 2118 309 2151 in
326 2119 486 2152 ecclesia
515 2119 551 2152 b.
584 2118 702 2152 Marie
727 2118 976 2151 Tornacensis
992 2120 1271 2161 proponeretur
1293 2118 1451 2153 verbum
1468 2119 1550 2159 Dei,
1574 2118 1740 2160 fecitque
1757 2126 1895 2151 sermo-

271 2181 357 2207 nem
374 2174 525 2206 curatus
541 2172 578 2207 S.
597 2172 711 2212 Piati,
730 2172 877 2214 fuitque
890 2172 944 2205 ibi
962 2172 1099 2216 ingens
1123 2172 1285 2215 populus
1309 2174 1574 2215 congregatus,
1591 2173 1719 2215 ibique
1740 2172 1896 2206 manda-

271 2230 351 2261 tum
383 2227 525 2260 domini
555 2235 654 2270 pape.
694 2235 762 2268 pro
787 2227 1047 2269 penitentibus
1081 2227 1329 2271 divulgatum,
1359 2227 1462 2261 bulla
1486 2229 1612 2262 tamen
1636 2237 1710 2261 non
1733 2228 1894 2268 ostensa,

278 2285 434 2325 propter
450 2282 549 2323 quod
567 2281 640 2314 fuit
656 2281 695 2314 in
712 2281 850 2323 populo
868 2290 1038 2315 murmur
1053 2291 1243 2325 magnum.

315 2336 359 2369 In
383 2336 482 2369 dicto
511 2336 637 2369 autem
660 2343 833 2369 sermone
858 2336 980 2370 dictus
1011 2338 1163 2370 curatus
1186 2335 1440 2379 indulgentias
1474 2336 1671 2380 generales
1696 2337 1817 2371 Rome
1851 2345 1895 2370 ac

272 2391 447 2424 basilicas
478 2392 516 2424 et
543 2391 739 2424 beatorum
765 2391 1021 2433 apostolorum
1047 2392 1152 2425 Petri
1176 2393 1215 2426 et
1251 2391 1361 2425 Pauli
1389 2401 1457 2434 per
1482 2392 1674 2426 dominum
1699 2383 1834 2435 papam
1857 2392 1896 2426 et

271 2444 474 2488 collegium
499 2445 741 2478 concordatas
764 2446 961 2479 nuntiavit.
980 2447 1012 2480 A
1037 2445 1136 2480 dicto
1165 2448 1290 2480 autem
1308 2447 1368 2480 die
1384 2447 1594 2489 penitentes
1620 2447 1781 2490 predicti
1810 2456 1895 2481 cum

272 2509 409 2542 magno
427 2508 620 2533 murmure
633 2501 740 2533 inviti
759 2502 1010 2534 cessaverunt.

623 2575 830 2611 Chronicon
848 2577 993 2621 Aeyidiz‘
1007 2578 1054 2612 Li
1076 2578 1220 2620 Muz‘sz‘s,
1243 2577 1382 2612 abbatis
1404 2578 1439 2613 S.
1463 2578 1620 2613 Martini
1640 2578 1893 2620 Tornacensis,

662 2632 891 2675 uitgegeven
920 2633 1013 2666 door
1027 2633 1063 2667 J.
1081 2633 1116 2667 J.
1137 2634 1290 2667 Desmet
1315 2634 1354 2666 in
1377 2634 1448 2676 ziJn
1475 2632 1613 2678 corpus
1635 2631 1894 2667 chronieorum

655 2685 873 2729 Flammae,
897 2687 981 2722 deel
1004 2687 1054 2729 ΙΙ,
1073 2688 1141 2721 blz.
1159 2689 1236 2730 341,
1258 2687 1335 2729 342,
1359 2688 1515 2722 346-361.
1541 2688 1585 2722 In
1609 2698 1676 2722 ons
1702 2687 1842 2733 Corpus
1872 2686 1898 2722 I

664 2740 746 2783 (blz.
768 2741 926 2785 190-193)
940 2743 1011 2785 ziJn
1036 2743 1271 2787 belangrijke
1287 2743 1456 2786 plaatsen
1471 2743 1529 2776 uit
1543 2743 1631 2777 deze
1654 2743 1893 2777 uitstekende

663 2796 758 2829 bron
779 2798 844 2831 ten
862 2797 1042 2832 onrechte
1057 2798 1311 2842 weggelaten3
1329 2799 1482 2832 daarom
1493 2798 1644 2832 worden
1660 2797 1745 2832 hier
1759 2798 1806 2832 de
1820 2798 1892 2832 uit-

668 2851 832 2885 treksels
858 2862 946 2886 over
965 2853 1011 2887 dc
1035 2853 1340 2887 Nederlandsche
1363 2852 1581 2887 Geeselaars
1603 2852 1770 2896 volledig
1790 2854 1892 2896 afge-

661 2906 787 2947 drukt,
801 2916 848 2941 na
863 2907 1084 2951 zorgvuldig
1093 2918 1141 2951 op
1154 2908 1219 2942 het
1232 2907 1452 2942 Brusselsch
1464 2907 1698 2941 handschrift
1710 2907 1763 2952 (nr
1775 2907 1893 2943 13076·

656 2962 711 3002 77,
726 2961 791 2995 fol.
810 2962 924 3006 21-45)
939 2963 1285 3006 gecollationneerd
1300 2964 1338 2998 te
1353 2964 1425 3006 ziJn
1441 2964 1616 3006 geweest.
1643 2964 1699 2998 De
1713 2961 1889 2997 tusschen

661 3015 699 3060 []
717 3016 928 3060 geplaatste
954 3019 1131 3053 woorden
1163 3017 1371 3052 ontbreken
1403 3018 1442 3051 in
1474 3017 1654 3052 Desmet’s
1670 3018 1890 3062 uitgave.—
