2050 3470
836 283 975 320 ANNO
999 285 1083 319 1397
1712 293 1772 328 161

130 397 299 441 pleniori
317 397 474 440 propter
489 396 576 438 jura
596 404 694 429 noua
712 405 785 438 que
804 405 826 430 a
843 397 1014 439 tempore
1030 396 1053 431 J
1059 396 1218 430 ohannis
1236 399 1310 441 xxij
1330 400 1368 433 et
1384 400 1480 435 citra
1494 407 1780 446 emanauerunt,

131 455 189 487 est
207 452 403 486 sciendum
417 451 517 493 quod
534 451 638 493 jdem
662 451 685 484 J
690 451 859 486 ohannes
880 456 1052 495 tempore
1067 462 1133 486 suo
1148 453 1238 486 fecit
1252 455 1452 495 quamdam
1469 459 1783 495 constitucionem

129 508 447 551 extrauagantem
466 507 713 550 incipientem
731 507 870 541 Sancta
887 507 1063 542 Romana
1088 509 1150 551 (1),
1177 509 1284 542 cuius
1300 512 1475 553 pretextu
1501 514 1672 548 nonnulli
1695 524 1779 550 eam

128 563 283 596 sinistre
323 563 621 605 interpretantes
649 562 850 604 falluntur,
881 572 967 596 cum
994 573 1065 597 nec
1090 572 1137 597 ex
1170 565 1296 598 verbis
1324 575 1393 600 nec
1429 576 1474 600 ex
1513 571 1639 603 mente
1673 570 1777 604 illius

129 618 417 652 constitucionis
443 617 697 659 probabiliter
725 619 850 661 potest
867 619 1148 661 comprehendi,
1169 621 1267 662 quod
1286 622 1404 655 status
1432 623 1564 656 talium
1592 634 1778 667 persona-

129 683 216 707 rum
241 673 496 706 communiter
520 673 732 707 vivencium
768 674 1008 716 reprobetur,
1039 684 1164 717 ymmo
1194 678 1344 718 sumpto
1372 677 1532 711 articulo
1549 688 1571 713 a
1587 682 1778 715 contrario

128 738 240 763 sensu
270 729 504 771 approbatur
531 737 577 762 ex
603 729 741 763 verbis.
778 729 874 762 Nam
904 731 994 771 quia
1025 731 1251 764 constitucio
1288 731 1356 766 illa
1388 736 1510 767 cassat
1548 737 1687 769 sectam
1711 747 1775 772 scu

128 785 357 829 religionem
375 793 520 825 eorum,
537 785 601 826 qui
623 794 696 818 non
712 786 798 819 sunt
815 785 860 818 de
879 786 1075 819 ordinibus
1090 795 1160 828 per
1178 787 1306 821 sedem
1324 788 1568 831 apostolicam
1593 794 1778 834 approba-

128 840 190 881 tis,
208 841 246 874 et
260 839 566 874 excommunicat
590 849 720 873 omnes
749 841 826 873 tam
853 840 967 873 talem
988 842 1142 881 sectam,
1182 843 1320 876 statum
1350 853 1415 877 seu
1440 844 1568 887 ritum,
1588 847 1710 888 qualis
1725 849 1778 881 ibi

128 895 369 936 describitur,
403 895 449 928 de
485 904 583 928 nouo
623 904 815 929 assumere
851 898 1127 938 presumentes,
1162 906 1273 939 quam
1305 899 1424 932 eciam
1460 901 1655 943 episcopos
1694 903 1777 946 alijS

129 950 345 984 huiusmodi
381 951 499 983 ritum
523 950 677 984 viuendi
708 952 746 984 et
773 950 943 984 habitum
976 961 1074 985 noue
1116 952 1318 996 religionis
1348 956 1477 996 preter
1514 958 1779 992 auctoritatem

128 1007 228 1041 sedis
245 1003 454 1049 apostolice
473 1006 736 1040 concedentes.
765 1007 822 1040 Ex
849 1006 922 1039 1100
946 1008 1051 1049 patet
1076 1009 1219 1049 aperte,
1242 1009 1343 1050 quod
1367 1010 1538 1052 predicta
1554 1013 1779 1046 constitucio

128 1072 204 1096 non
229 1062 348 1096 ambit
365 1071 562 1104 personas,
589 1062 635 1095 de
655 1062 792 1103 quibus
819 1063 1006 1104 queritur.
1034 1063 1131 1095 Nam
1159 1063 1332 1106 loquitur
1355 1065 1508 1107 demis,
1527 1067 1591 1108 qui
1608 1067 1778 1102 habitum

129 1126 228 1152 noue
262 1117 464 1161 religionis
495 1126 688 1151 assumere
714 1119 752 1151 et
784 1118 1047 1151 conventicula
1072 1119 1209 1152 illicita
1234 1121 1360 1154 facere
1387 1124 1620 1163 presumunt.
1650 1123 1698 1156 Et
1725 1125 1779 1158 ita

128 1173 280 1205 videtur
309 1172 363 1205 ibi
397 1172 540 1206 sentire
573 1172 665 1205 Gen.
696 1173 720 1214 ἓ
743 1172 943 1216 Episcopos
967 1182 1080 1215 super
1113 1174 1228 1207 verbo
1260 1174 1506 1218 supradictos,
1533 1177 1660 1211 dicens
1678 1180 1776 1220 quod

130 1229 263 1261 contra
287 1228 537 1261 concedentes
555 1227 652 1260 alios
676 1227 827 1260 habitus
854 1227 912 1261 vel
941 1229 1038 1261 ritus
1063 1229 1216 1262 viuendi
1240 1239 1338 1272 pena
1361 1240 1521 1273 sequens
1538 1242 1612 1266 non
1628 1234 1778 1268 videtur

130 1284 203 1316 sibi
240 1282 366 1316 locum
404 1283 606 1317 vendicare
638 1291 708 1326 per
738 1283 810 1316 1100
839 1284 1010 1324 verbum,
1045 1285 1134 1325 quia
1163 1285 1194 1317 si
1228 1285 1274 1319 de
1303 1285 1386 1328 alijs
1418 1288 1592 1321 conditor
1622 1290 1776 1323 canonis

129 1339 325 1381 voluisset,
344 1339 416 1373 hoc
433 1341 563 1382 utique
579 1340 832 1382 expressisset
852 1340 1013 1373 articulo
1031 1341 1076 1373 de
1095 1341 1189 1373 deci.
1210 1339 1271 1374 Ad
1287 1340 1537 1383 audienczam,
1557 1353 1588 1376 0.
1603 1342 1648 1377 de
1663 1343 1773 1378 cada.

130 1395 200 1429 col.
220 1395 245 1428 1.
273 1404 350 1428 una
365 1396 388 1437 ἓ
412 1405 496 1428 sum
512 1399 651 1428 autem.
670 1395 730 1428 Ea:
746 1400 869 1428 mente
882 1405 942 1428 no.
963 1396 1059 1429 Nam
1084 1405 1159 1428 non
1176 1397 1235 1429 est
1251 1398 1470 1438 verisimile,
1490 1399 1588 1440 quod
1605 1401 1775 1441 prefatus

128 1451 323 1485 Johannes
340 1451 457 1492 xxijus
478 1460 547 1493 per
564 1451 705 1484 dictam
729 1451 1044 1485 constitucionem
1061 1452 1180 1484 uitam
1202 1462 1441 1487 communem
1460 1463 1481 1487 a
1498 1454 1647 1487 Christo
1665 1456 1773 1488 dedi-

129 1508 267 1549 catam,
295 1507 341 1540 ab
374 1506 555 1549 apostolis
588 1516 796 1548 eorumque
829 1506 1024 1549 discipulis
1057 1508 1094 1540 et
1125 1517 1146 1541 a
1179 1508 1260 1541 tota
1297 1509 1493 1551 primitiua
1527 1509 1700 1551 00010513,
1732 1514 1775 1544 111

130 1563 377 1606 premittitur,
397 1563 636 1596 obseruatam
661 1564 697 1596 et
716 1563 973 1596 continuatam
1003 1564 1041 1597 et
1070 1564 1187 1596 sacris
1218 1565 1424 1598 canonibus
1448 1567 1653 1608 receptam,
1669 1568 1712 1600 ut
1734 1568 1773 1601 in

130 1618 301 1661 predicto
333 1617 499 1661 capitulo
532 1617 815 1661 Dilectissimus,
845 1628 888 1652 30
920 1618 1069 1652 clericis
1098 1619 1218 1652 eciam
1248 1620 1467 1663 preceptiue
1495 1622 1714 1663 iniunctam,
1731 1625 1774 1656 ut

129 1675 234 1717 patet
264 1674 310 1707 de
342 1674 390 1706 vi.
422 1676 460 1707 et
494 1673 558 1708 ho.
588 1674 695 1715 cleri,
721 1684 751 1707 0.
773 1674 905 1715 Quem,
931 1674 1050 1708 voluit
1075 1675 1326 1717 5111111011οΓος
1360 1685 1413 1709 ar.
1434 1685 1465 1709 0.
1494 1676 1534 1709 111
1563 1677 1641 1710 offi.
1664 1678 1715 1711 te.
1745 1678 1770 1712 1.

130 1730 176 1766 51.
202 1731 351 1772 quando
385 1730 431 1763 de
456 1729 548 1764 elec.
566 1740 598 1765 0.
625 1730 788 1764 00010513
819 1732 858 1773 ij.
889 1731 968 1765 Nec
995 1734 1108 1776 urget
1133 1732 1301 1766 obiectus
1342 1733 1648 1767 aduersariorum
1675 1735 1772 1768 arbi-

129 1787 317 1819 trancium
353 1787 493 1820 statum
517 1787 572 1820 sic
604 1786 716 1820 simul
747 1786 1006 1821 habitancium
1030 1789 1068 1821 et
1105 1788 1144 1821 in
1177 1789 1368 1821 communi
1396 1789 1609 1822 vivencium
1635 1798 1658 1822 3
1686 1790 1771 1832 ]“111·0

129 1842 386 1884 dampnatum,
414 1851 500 1876 cum
533 1843 660 1876 omnia
699 1841 863 1885 collegia
902 1843 978 1876 sint
1004 1843 1152 1883 illicita,
1187 1844 1260 1877 nisi
1290 1844 1544 1886 probarentur
1581 1854 1771 1887 concessa,

128 1898 153 1939 g
176 1897 222 1932 de
246 1896 340 1931 coel.
366 1897 436 1931 illi.
456 1897 480 1931 l.
502 1898 533 1932 1.
549 1899 587 1931 et
603 1898 666 1940 iija
681 1921 689 1931 .
708 1899 764 1932 De
788 1897 860 1932 hoc
874 1908 935 1932 no.
959 1898 1066 1932 Host.
1097 1899 1136 1932 in
1161 1900 1338 1932 summati
1355 1900 1401 1933 de
1418 1906 1463 1933 s0.
1483 1900 1522 1933 in
1546 1901 1570 1942 ἓ
1594 1910 1628 1943 q.
1656 1902 1773 1935 verbo

132 1952 305 1987 Oreditur
331 1958 469 1988 autem.
499 1953 548 1988 Et
576 1954 676 1996 quod
703 1953 751 1988 10.
786 1956 823 1988 01
852 1955 1006 1988 110131111·
1035 1964 1104 1998 per
1127 1955 1336 1989 Henricum
1364 1957 1467 1998 Boyc
1490 1957 1538 1998 (2)
1555 1958 1639 1999 post
1663 1956 1771 1991 Host.

131 2009 170 2042 et
195 2008 255 2043 «10.
273 2010 344 2043 Α11.
375 2010 422 2043 (10
451 2018 575 2044 011005.
594 2019 676 2052 pre.
697 2008 893 2044 Dilectam.
922 2011 1019 2044 Nam
1043 2010 1114 2045 hee
1142 2020 1316 2053 persone,
1347 2011 1392 2045 de
1424 2012 1560 2054 quibus
1587 2013 1774 2055 queritur,

132 2074 208 2098 non
224 2065 358 2098 viuunt
385 2065 642 2108 collegialiter
674 2074 743 2099 nec
770 2075 839 2108 per
871 2066 1024 2099 modum
1048 2066 1214 2110 collegij,
1247 2068 1312 2101 sed
1339 2068 1653 2111 congregacionis
1670 2069 1774 2102 cari-

132 2120 253 2153 tatiue
285 2121 387 2153 omni
420 2120 506 2162 jure
537 2119 642 2153 licite
677 2120 716 2153 in
757 2121 961 2162 communi,
994 2122 1084 2164 quia
1115 2122 1147 2154 si
1178 2122 1282 2156 Host.
1317 2123 1354 2156 et
1379 2122 1440 2156 ,10.
1466 2124 1539 2158 An.
1574 2125 1660 2165 post
1690 2133 1775 2156 cum

133 2175 180 2209 de
203 2175 226 2208 J
231 2185 297 2209 ure
327 2176 450 2218 primo
477 2186 508 2209 c.
536 2175 694 2217 Nobz'sg
716 2175 880 2220 Capram
901 2186 1014 2220 super
1044 2178 1159 2211 verbo
1194 2176 1452 2218 Conuentuali,
1478 2177 1529 2220 hij
1560 2179 1648 2210 sunt
1670 2179 1775 2212 actus

134 2242 204 2275 per
216 2242 309 2275 quos
327 2233 432 2275 patet
449 2232 598 2276 collegij
617 2233 678 2275 Jus
702 2232 761 2266 vel
780 2234 887 2275 quasi
905 2233 1056 2277 collegij
1076 2233 1245 2277 sigillum
1269 2235 1307 2267 et
1329 2244 1419 2267 usus
1436 2233 1568 2276 sigilli,
1593 2234 1776 2267 tractatus

134 2288 343 2321 communis
367 2289 407 2321 in
433 2287 616 2331 capitulo,
645 2287 761 2321 archa
792 2289 1013 2329 eommunis,
1044 2290 1289 2322 refectorium
1318 2289 1356 2322 et
1385 2289 1649 2322 dormitorium
1679 2299 1777 2323 com-

134 2353 262 2377 mune.
280 2343 387 2377 Idem
411 2354 471 2377 no.
495 2342 624 2377 Archi.
642 2353 679 2376 x.
700 2353 736 2385 q.
751 2354 780 2376 5.
799 2354 832 2377 0.
849 2344 875 2386 ]’.
895 2344 994 2377 1111ᾶο
1016 2354 1076 2377 110.
1103 2344 1324 2378 Vincentius
1348 2345 1394 2378 de
1418 2344 1510 2378 eleo.
1537 2346 1777 2379 sacrosancta

135 2398 264 2432 dicens
283 2409 291 2431 :
324 2399 410 2432 Non
427 2399 567 2431 sufficit
590 2398 636 2432 ad
661 2398 748 2439 hoc,
774 2400 816 2432 ut
833 2398 994 2432 ecclesia
1006 2399 1210 2443 collegiata
1222 2401 1283 2440 sit,
1301 2400 1401 2442 quod
1417 2399 1546 2442 plures
1559 2399 1689 2434 clerici
1702 2401 1777 2434 sint

134 2454 174 2487 in
191 2453 367 2495 ecclesia,
383 2455 457 2487 nisi
471 2455 517 2487 ad
530 2454 602 2487 hoc
619 2454 694 2487 sint
715 2455 928 2496 constituti,
954 2456 996 2489 ut
1008 2456 1084 2489 sint
1106 2465 1223 2489 unum
1239 2466 1375 2499 corpus
1392 2457 1430 2489 et
1443 2455 1608 2490 habeant
1622 2456 1776 2490 archam

136 2520 388 2552 communem,
403 2521 464 2545 res
483 2520 699 2544 communes
725 2512 763 2544 et
787 2512 953 2544 actorem
977 2512 1185 2555 syndicum,
1203 2514 1241 2545 et
1264 2512 1295 2545 si
1313 2522 1387 2545 non
1411 2512 1673 2553 defendantur,
1699 2513 1776 2546 itur

136 2566 177 2599 in
193 2567 471 2608 possessionem
489 2577 620 2601 eorum
646 2576 719 2610 que
739 2568 793 2601 eis
811 2569 898 2601 sunt
914 2577 1103 2609 concesse,
1122 2570 1145 2610 ἓ
1161 2567 1260 2612 quod
1276 2570 1453 2613 cuiusque
1475 2570 1544 2601 uni
1566 2568 1590 2601 1.
1615 2569 1642 2611 j.
1669 2571 1777 2603 extra

138 2621 185 2655 de
201 2621 255 2654 ui.
275 2623 314 2655 et
330 2621 391 2655 ho.
413 2622 484 2657 cle.
504 2633 535 2656 c.
557 2623 688 2661 Quem.
708 2623 779 2657 Sed
801 2625 906 2657 actus
923 2623 1183 2657 huiuscemodi
1200 2633 1265 2658 seu
1289 2625 1455 2667 insignia
1470 2625 1545 2657 iam
1561 2625 1661 2659 dicta
1676 2625 1777 2659 inter

139 2677 376 2719 supradictas
406 2687 601 2721 personas,
620 2689 694 2713 non
723 2679 919 2713 vindicant
942 2680 1015 2713 sibi
1039 2680 1176 2721 locum,
1205 2681 1247 2713 ut
1268 2681 1373 2723 patet
1396 2689 1442 2714 ex
1466 2680 1630 2715 themate
1655 2690 1778 2724 preas-

140 2732 289 2774 sumpto
310 2743 319 2775 3
344 2733 475 2777 igitur,
494 2735 565 2769 etc.

187 2787 335 2823 Deinde
354 2790 546 2824 emanauit
560 2790 721 2833 quedam
735 2791 959 2825 constitucio
976 2791 1229 2835 extrauagans
1242 2791 1439 2825 Benedicti
1455 2792 1491 2825 xi
1495 2792 1522 2834 j,
1537 2801 1609 2834 que
1625 2792 1777 2836 incipit:

187 2961 233 3007 (1)
263 2962 328 2999 Zic
341 2962 546 3001 hierboven
563 2966 648 3010 (blz.
672 2966 739 3011 93),
758 2977 824 3001 0115
838 2968 925 3002 stuk
942 2974 981 3001 nr
993 2968 1035 3002 57
1050 2967 1199 3012 (ISSbiS).

189 3019 235 3063 (Ξ)
268 3020 367 3056 Ovcr
387 3021 474 3057 hcm
490 3023 546 3058 zie
560 3022 744 3067 oudinus,
756 3023 930 3068 Scm‘ptor.
949 3024 1088 3067 eccles.,
1101 3025 1185 3060 decl
1199 3023 1269 3066 III,
1287 3024 1356 3059 blz.
1377 3024 1471 3058 1251,

1676 3083 1713 3120 ll
