2050 3470
812 263 948 298 ANNO
975 263 1162 296 1175-1177
1777 265 1814 297 11

180 374 332 407 ventum
370 374 452 407 erat
486 374 532 407 ad
571 373 784 416 calumpnie
822 373 1106 413 discussionem,
1144 374 1207 407 ubi
1245 382 1414 407 errorem
1451 373 1564 407 michi
1599 373 1816 416 impositum

179 428 411 468 detestando,
437 428 690 462 innocentiam
708 437 830 462 meam
854 430 1047 462 confessus
1072 437 1184 469 sum3
1214 429 1278 461 scd
1311 438 1379 462 nec
1408 428 1478 461 hoc
1508 428 1620 462 michi
1652 429 1813 468 suffecit,

179 484 279 526 quod
291 483 460 517 heretico
473 483 666 517 suffecisse
684 484 880 516 debuerat.
898 483 1128 517 Prodierunt
1142 484 1267 516 autem
1281 483 1354 516 duo
1380 483 1463 516 falsi
1483 486 1609 524 testes,
1629 484 1692 526 qui
1711 483 1817 517 nulla

179 539 458 580 examinatione
476 539 646 578 discussi,
667 549 739 572 non
757 539 877 572 dicam
893 538 1158 571 ecclesiasti‹·is
1174 539 1376 580 Judicibus,
1404 539 1467 571 sed
1487 548 1554 572 nec
1567 538 1815 573 histrionibus

179 594 291 627 fldem
307 594 496 627 fecissent.
516 594 654 627 Contra
671 604 830 636 quorum
856 593 987 627 falsam
1007 593 1312 627 inclamationem
1329 594 1470 635 judicio
1495 594 1690 627 candentis
1707 594 1813 635 ferri,

178 649 225 683 ad
238 650 336 692 quod
350 650 474 682 tamen
492 649 646 682 minime
661 650 829 687 tenebar,
851 657 909 682 me
930 649 1167 691 purgandum
1186 648 1354 682 exhibui.

221 704 265 739 In
294 705 466 737 omnibus
494 704 552 737 his
580 707 723 738 nonest
747 713 899 737 aversus
932 706 1038 737 furor
1067 713 1211 743 eorum,
1239 705 1303 737 sed
1334 704 1456 737 adhuc.
1485 713 1616 737 manus
1649 706 1811 738 extenta.

178 761 321 795 Tamen
338 759 507 792 videntes
524 768 563 792 se
577 761 769 793 fraudatos
795 761 832 792 in
857 759 926 792 hac
943 763 1049 801 parte
1067 769 1089 792 a
1107 759 1298 792 desiderio
1317 769 1397 797 sue,
1424 768 1445 792 a
1464 758 1593 792 libello
1612 760 1649 792 in
1668 769 1817 801 presen-

178 817 270 850 tiam
296 816 459 848 vestram
491 814 615 848 delato
648 815 884 847 occasionem
916 814 1216 856 condempnandi
1246 816 1467 856 rapuerunt,
1498 814 1620 856 ipsum
1645 814 1817 848 libellum

178 871 355 905 hereseos
383 870 539 903 maculis
569 880 780 912 respersum
800 873 1038 910 astruentes3
1070 872 1109 903 at·
1136 879 1208 913 ego
1235 870 1448 912 percipiens
1473 870 1659 911 majorum
1677 871 1818 904 invidia

178 925 324 968 partem
341 933 462 958 meam
480 926 712 967 pregravari,
729 928 904 967 porrecto
920 927 1177 968 inscriptionis
1192 925 1334 966 libello,
1349 926 1579 960 audientiam
1594 928 1755 960 vestram
1780 930 1819 960 et

178 979 402 1014 universalis
426 979 586 1012 ecclesie
604 978 803 1021 appellavi.
823 980 879 1013 Ad
897 979 968 1012 hoc
999 979 1264 1022 appellationis
1291 980 1445 1013 verbum
1471 980 1576 1021 quasi
1602 989 1713 1013 aures
1730 991 1816 1014 suas

178 1035 444 1069 continuerunt
461 1035 500 1068 et
513 1035 695 1076 impetum
720 1034 757 1067 in
777 1044 836 1067 me
862 1036 1044 1068 faciontes
1062 1035 1251 1077 pulsatum
1269 1035 1406 1077 pugnis·
1430 1037 1468 1068 et
1492 1035 1658 1068 vinctum
1680 1036 1818 1069 abstra-

177 1092 325 1124 xerunt.
344 1089 463 1129 Quem
480 1091 634 1123 actenus
650 1090 794 1132 pedicis
807 1090 885 1123 suis
902 1091 1221 1133 constringentes,
1247 1091 1304 1122 ori
1329 1099 1413 1123 meo
1442 1090 1681 1130 insidiantur,
1700 1100 1816 1124 aucu—

176 1146 309 1189 pantes
321 1145 353 1178 si
377 1146 475 1178 sorte
497 1145 654 1178 verbum
678 1145 801 1177 minus
830 1145 1056 1178 catholicum
1082 1155 1104 1178 a
1134 1154 1194 1178 me
1220 1147 1522 1186 extorqueretur.
1557 1145 1688 1178 Sciunt
1717 1147 1816 1180 enim

176 1201 342 1234 nondum
369 1209 409 1233 se
441 1208 592 1232 causam
609 1208 693 1233 mee
709 1200 989 1242 dampnationis
1010 1200 1211 1239 invenisse,
1236 1209 1304 1232 nec
1333 1199 1472 1233 habere
1505 1199 1594 1242 quid
1619 1199 1702 1242 plus
1719 1201 1758 1243 (3)
1771 1202 1816 1235 de

176 1256 318 1298 injusta
333 1255 600 1297 dampnatione
615 1255 669 1288 eis
684 1254 952 1288 insultantibus
971 1255 1237 1297 respondeant.

219 1309 470 1353 Quapropter,
496 1310 612 1343 Pater
648 1305 933 1352 benignissime,
969 1320 1039 1353 ego
1071 1311 1218 1343 vinctus
1245 1310 1384 1343 Christi
1414 1310 1510 1343 hanc
1542 1310 1815 1344 lacrimabilem

175 1365 376 1399 clementie
407 1367 470 1399 tue
486 1365 642 1408 porrigo
661 1365 868 1406 querelam,
885 1366 1062 1406 quatinus
1081 1375 1139 1397 me
1154 1374 1261 1398 ovem
1277 1365 1423 1398 scilicet
1451 1367 1554 1398 tuam
1576 1365 1622 1399 de
1639 1365 1815 1408 luporum

175 1421 347 1455 faucibus
371 1420 552 1460 excutias,
571 1429 618 1453 ne
631 1421 785 1463 sanguis
798 1429 902 1453 meus
916 1421 962 1453 de
987 1429 1099 1453 manu
1118 1422 1183 1453 tua
1208 1421 1449 1462 requiratur;
1480 1421 1683 1454 facientem
1712 1422 1813 1454 enim

175 1477 214 1510 et
229 1476 527 1510 consentientem
540 1484 608 1517 par
620 1476 848 1518 constringit
863 1477 1001 1519 reatus.
1022 1475 1146 1518 Igitur
1162 1476 1267 1517 eripe
1282 1484 1341 1508 me
1355 1475 1401 1508 de
1420 1485 1531 1508 manu
1546 1476 1756 1518 peccatoris
1771 1478 1810 1509 et

176 1531 224 1565 de
238 1539 350 1564 manu
365 1532 495 1563 contra
511 1530 636 1573 legem
653 1531 801 1573 agentis
818 1532 856 1564 et
881 1531 1013 1572 iniqui.
1043 1530 1142 1563 ι111116
1168 1539 1227 1564 1116
1246 1533 1310 1563 tuo
1328 1531 1545 1572 conspectui
1563 1540 1675 1572 quem
1692 1534 1816 1573 postu·

176 1585 301 1620 labam
316 1586 540 1628 presentari,
573 1589 615 1618 ut
653 1588 716 1618 tue
743 1586 980 1619 discretionis
1004 1586 1199 1628 inquisitio
1237 1585 1384 1619 occulta
1420 1595 1504 1618 mea
1542 1585 1730 1628 discutiat,
1774 1590 1816 1620 ut

176 1642 390 1684 interroges
405 1650 466 1674 me
490 1643 527 1674 et
544 1650 750 1683 cognoscas
779 1641 933 1674 semitas
961 1651 1076 1682 mcaS,
1106 1643 1144 1674 et
1160 1642 1191 1674 si
1223 1641 1283 1674 via
1316 1641 1528 1683 iniquitatis
1552 1641 1667 1674 inme
1685 1642 1752 1680 est,
1768 1642 1813 1674 ad

176 1697 258 1739 ejus
274 1696 479 1738 impietatis
503 1696 794 1738 abnegationem
823 1697 1015 1740 cogendus
1032 1706 1122 1738 ero3
1155 1697 1213 1729 sin
1247 1699 1372 1730 autem
1404 1697 1464 1729 via
1492 1697 1673 1737 veritatis,
1707 1698 1813 1738 quasi

176 1753 357 1786 innocens
375 1751 638 1785 absolvendus.
658 1750 762 1784 Vale.

526 1861 599 1895 HS.
634 1861 676 1900 Q.
701 1862 733 1894 9.
762 1862 835 1896 182.
870 1871 941 1896 van
966 1862 1031 1896 het
1057 1862 1228 1896 Museum
1258 1862 1537 1896 Hunterianum
1569 1863 1606 1895 te
1638 1861 1812 1906 Glasgow

569 1917 640 1958 (12⁰
655 1917 776 1957 eeuw)
792 1928 801 1958 ς
820 1917 1027 1961 afgedrukt
1044 1918 1092 1960 bij
1114 1917 1250 1960 Ulysse
1268 1918 1425 1957 Robert,
1456 1915 1626 1950 Bullaz're
1643 1916 1695 1950 du
1718 1927 1815 1961 pape

573 1970 714 2006 calixte
738 1972 791 2014 II,
815 1972 898 2006 deel
921 1973 974 2014 II,
992 1972 1061 2006 blz.
1089 1973 1167 2014 410,
1193 1979 1231 2005 nr
1256 1972 1388 2006 23*.-·
1405 1973 1468 2006 Dit
1493 1972 1580 2006 stuk
1604 1982 1651 2006 en
1675 1973 1722 2006 de
1738 1973 1816 2007 vier

570 2026 757 2070 volgende
781 2028 999 2062 beschouwt
1022 2028 1069 2061 de
1096 2028 1189 2062 heer
1218 2028 1262 2061 U.
1289 2028 1434 2062 Robert
1459 2027 1736 2070 herhaaldelijk
1760 2029 1816 2063 als

572 2097 588 2109 «ι
606 2084 797 2117 exercices
813 2083 1052 2126 epistolaires
1067 2099 1083 2111 „
1102 2083 1240 2116 zonder
1256 2084 1311 2116 dit
1323 2083 1549 2116 vermoeden
1574 2093 1620 2126 op
1635 2084 1815 2126 bewijzen

571 2138 608 2171 te
621 2139 761 2171 staven.
784 2138 885 2172 Paus
902 2138 1070 2171 calixtus
1088 2138 1125 2171 II
1143 2138 1327 2181 regeerde
1343 2147 1414 2171 van
1440 2138 1525 2170 1119
1548 2140 1603 2170 tot
1620 2138 1717 2172 1124.
1735 2140 1815 2173 Van

571 2192 657 2226 hem
681 2193 756 2226 kan
774 2193 986 2235 natuurlijk
1010 2202 1131 2236 geene
1160 2193 1299 2236 spraak
1324 2194 1397 2234 zijn
1429 2202 1523 2226 voor
1546 2193 1592 2226 de
1624 2195 1716 2227 zaak
1744 2205 1814 2229 van

570 2248 748 2281 Lambert
765 2248 801 2282 16
814 2249 957 2291 Begue,
977 2249 1039 2282 die
1062 2249 1101 2281 in
1119 2249 1164 2282 de
1187 2249 1296 2290 jaren
1313 2248 1501 2281 1175·1177
1518 2250 1618 2282 moet
1636 2249 1813 2291 geschied

568 2304 665 2345 zijn3
698 2304 759 2337 die
777 2304 941 2337 stukken
957 2306 1058 2337 moet
1070 2313 1157 2337 men
1183 2303 1424 2346 integendeel
1454 2305 1568 2346 terug
1585 2304 1753 2346 brengen
1767 2315 1814 2348 op

570 2358 642 2392 den
666 2359 840 2401 antipaus
867 2358 1036 2392 Calixtus
1064 2359 1121 2392 III
1150 2358 1376 2401 (1130-1178).
1396 2358 1459 2391 Zie
1477 2359 1592 2400 mijne
1609 2359 1815 2396 verbande-

566 2412 648 2457 ling
671 2413 743 2447 Les
759 2412 977 2447 documents
995 2413 1040 2447 de
1060 2413 1233 2457 Glasqow
1252 2418 1479 2446 concernant
1497 2413 1673 2448 Lambert
1691 2412 1723 2446 le
1746 2414 1815 2448 Be·

560 2479 646 2511 que,
680 2470 718 2502 in
749 2470 795 2503 de
823 2469 1010 2503 Bulletins
1035 2468 1080 2503 de
1112 2468 1338 2503 Z'Academie
1351 2468 1494 2512 royale,
1521 2470 1558 2503 3ο
1582 2470 1707 2512 reeks,
1729 2471 1813 2505 deel

565 2524 707 2564 XXIX,
727 2524 797 2558 blz.
816 2525 958 2558 148-165
971 2525 1094 2568 (1895).
1110 2543 1151 2549 —
1169 2525 1211 2558 G.
1230 2523 1356 2559 Waitz
1380 2526 1446 2567 gaf
1472 2526 1581 2559 reeds
1605 2535 1698 2560 eene
1728 2534 1813 2558 aan-

566 2580 773 2623 teekening
802 2589 892 2613 over
921 2581 983 2614 die
1015 2581 1180 2614 stukken
1212 2589 1282 2613 van
1315 2579 1490 2623 Glasgow
1520 2581 1560 2614 in
1593 2581 1658 2615 het
1690 2580 1814 2615 Neues

567 2633 704 2667 Archiv
717 2633 785 2668 der
799 2634 1042 2678 Gesellschaft
1057 2635 1124 2678 fur
1136 2634 1251 2668 &ltere
1264 2633 1437 2668 deutsche
1456 2634 1811 2676 Geschichtskunde,

569 2689 652 2723 deel
682 2690 745 2730 IV,
779 2690 847 2723 blz.
868 2691 945 2730 624,
975 2691 1052 2730 625,
1077 2688 1335 2724 Bibliothehen
1369 2689 1607 2725 Schotaands
1629 2692 1815 2734 (1879.)-

570 2745 643 2778 Dat
670 2745 891 2778 Lambertus
909 2746 1044 2787 tijdcns
1061 2746 1155 2786 zijne
1172 2745 1486 2789 gevangenschap
1513 2747 1552 2780 in
1576 2746 1641 2781 het
1669 2747 1813 2781 kasteel

569 2809 640 2834 van
656 2800 840 2844 Revogne
856 2800 1036 2840 verbleef‚
1057 2800 1170 2842 blijkt
1185 2801 1321 2834 verder
1336 2801 1393 2834 uit
1407 2810 1474 2834 ons
1491 2801 1578 2835 stuk
1595 2808 1633 2835 nr
1651 2801 1692 2835 17
1714 2801 1813 2845 (45⁸).

568 2854 751 2898 Revogne
783 2855 815 2888 is
855 2854 976 2888 heden
1013 2863 1082 2888 een
1118 2853 1286 2897 gehucht
1324 2855 1392 2890 der
1421 2858 1621 2899 gemeente
1653 2857 1813 2900 Honnay

569 2910 783 2952 (Provincia
796 2909 967 2951 Namen).
978 2910 1063 2943 Men
1077 2910 1182 2943 vindt
1197 2918 1240 2944 er
1257 2920 1305 2943 nu
1320 2919 1395 2954 nog
1411 2920 1482 2945 een
1500 2912 1656 2946 modern
1669 2912 1811 2947 kasteel

570 2975 617 3008 op
641 2965 687 3000 de
710 2965 824 3000 Rruin
841 2975 911 3000 van
937 2966 1008 2999 den
1028 2980 1044 2992 u
1059 2965 1195 3000 rocher
1209 2966 1232 2999 a
1248 2965 1429 3011 Revogne
1449 2981 1482 3001 n.
